4372 5532
574 517 630 593 22
773 561 775 568 .
923 465 1119 580 oleonr
1168 505 1445 578 enroeerci
1494 509 1659 576 eausa

577 700 649 768 tius
673 689 1000 800 quemppractioam
1027 676 1337 758 utilitatem'haud
1363 679 1549 782 indignum
1573 681 1728 764 est,·ed
1748 684 1861 756 aliam
1891 692 1996 760 occ‘e·

580 825 716 895 sionem
743 813 845 885 nobis
871 835 1056 884 reseruare
1079 809 1264 886 debemus.

1246 1086 1314 1165 15·
1348 1118 1372 1152 ¹·

692 1243 734 1315 ln
773 1238 1071 1312 commentatione
1109 1239 1220 1330 priori
1261 1252 1325 1309 ert.
1358 1216 1519 1336 37'sqq.
1556 1237 1765 1312 methodum
1797 1237 1994 1328 docuimus,

580 1370 868 1446 obseruationum
906 1367 1165 1459 praecisionem
1202 1389 1222 1435 a
1254 1367 1441 1460 posteriori
1480 1389 1588 1464 quarn
1625 1369 1793 1460 proxime
1830 1366 1992 1438 eruendi.

535 1561 538 1570 s
580 1501 727 1582 Scilicet
748 1499 778 1568 si
808 1497 949 1567 valeres
976 1497 1211 1590 approximati
1236 1513 1268 1572 rr
1290 1494 1526 1591 quantitatum
1551 1519 1618 1588 per
1646 1495 1916 1566 obseruationes
1936 1517 1993 1564 ae·

582 1625 679 1726 quali
709 1624 928 1718 praecisione
953 1622 1150 1719 gaudentes
1175 1621 1423 1702 innotuerunt,
1458 1635 1598 1694 etcum
1624 1618 1803 1692 veintibus
1825 1621 1883 1690 lie·
1898 1637 1994 1690 eom·

580 1763 769 1845 parantur,
811 1749 872 1844 qui
900 1769 921 1816 e
946 1745 1127 1817 valoribus
1152 1749 1309 1818 maxime
1338 1745 1584 1839 plausibilibus
1611 1777 1633 1850 p
1657 1749 1937 1828 elementorum,
1957 1769 1992 1836 ¹e

581 1877 710 1976 quibua
737 1875 821 1945 illae
851 1871 1039 1966 pendent,‘
1065 1895 1132 1966 per
1161 1873 1337 1943 calculum
1367 1873 1566 1966 prodeunte
1595 1875 1878 1947 differentiarum
1897 1894 1993 1969 qua·

579 2005 681 2075 drata
711 1989 868 2084 addere,
905 2013 1211 2100 aggregatumque
1246 2024 1311 2092 per
1336 2021 1373 2076 rr
1393 2028 1491 2102 -p
1524 2000 1687 2073 diuidere
1724 2013 1886 2095 oportet,
1919 2023 1992 2096 quo

580 2129 674 2201 laeto
695 2131 861 2226 quotiens
881 2127 1096 2200 considerari
1130 2128 1262 2221 poterit
1286 2134 1468 2223 tamquam
1498 2129 1598 2198 valor
1618 2131 1888 2222 approximatur
1907 2151 1992 2224 qua·

578 2256 672 2328 dreti
701 2257 831 2327 erroris
856 2253 966 2324 medii
996 2255 1062 2324 tali
1089 2253 1537 2350 chremetionumtgeneri
1554 2253 1783 2330 inhaerentis.
1842 2255 1993 2346 Quoties

580 2383 847 2454 obseruationes
871 2382 1053 2478 inaequali
1079 2383 1300 2474 praecisione
1318 2379 1504 2478 gaudent,
1526 2367 1619 2450 hoec
1639 2397 1830 2480 praecepte
1845 2397 1993 2454 eatenus

580 2522 717 2578 tantum
742 2506 909 2578 mutanda
931 2521 1035 2590 sunt,
1062 2521 1100 2578 vt
1125 2507 1297 2606 quadrata
1327 2520 1411 2577 ante
1442 2503 1662 2578 additionem
1686 2535 1751 2603 per
1775 2495 1994 2584 obseruatio·

580 2659 664 2704 num
693 2633 851 2728 pondera
876 2637 1103 2730 multiplicari
1124 2632 1299 2714 debeant,
1335 2655 1506 2733 errorque
1532 2636 1670 2710 medius
1699 2639 1770 2714 lroe
1790 2637 1895 2711 modo
1915 2658 1993 2730 pro·

579 2759 682 2828 diens
708 2759 755 2828 ad
790 2758 1056 2833 obseruationes
1086 2759 1280 2843 releratum
1321 2783 1471 2858 querum
1487 2805 1489 2810 ·
1504 2763 1643 2864 pondus
1671 2791 1738 2862 pro
1773 2767 1906 2838 enitare
1923 2777 1994 2842 ‚reo-

456 2951 460 2958 .
580 2899 723 2980 ceptum
749 2899 813 2956 est.

695 3041 768 3112 lam
803 3044 837 3112 in
864 3044 1075 3138 tractatione
1103 3059 1293 3137 praesente
1321 3045 1411 3118 illud
1441 3015 1672 3149 aggregatum
1699 3043 1886 3120 manifesto
1907 3063 1993 3138 qae-

435 3253 458 3270 ..
580 3170 660 3241 drat
686 3191 765 3240 cum
787 3181 983 3265 aggregato
1011 3171 1057 3250 S,
1086 3169 1427 3272 differentiaqueer
1449 3201 1541 3288 -xp
1571 3199 1652 3246 cum
1680 3169 1905 3247 multitudine
1936 3191 1994 3236 an.

579 3299 786 3392 quationum
812 3291 1103 3368 ΰθῠᾶῑῑῑθΰῑῖῑῢω
1130 3329 1174 3382 o,
1218 3301 1451 3400 quemobrem
1480 3327 1545 3397 pro
1577 3324 1699 3374 errore
1726 3298 1844 3371 medio
1875 3296 1993 3367 obser

576 3495 779 3574 vationum,
822 3512 970 3584 querum
1008 3492 1146 3606 pondus
1177 3524 1219 3570 =
1243 3513 1288 3586 1,
1327 3497 1538 3574 habebimus
1571 3497 1836 3591 expressionem
1867 3493 1905 3571 ts
1931 3423 1997 3628 {i
2062 3453 2065 3458 Ι

553 3701 676 3771 .quae
697 3673 947 3746 determinatio
974 3697 1018 3746 eo
1046 3680 1171 3750 maiori
1197 3679 1268 3752 lide
1297 3681 1405 3784 digne
1438 3685 1523 3764 erit,
1560 3705 1631 3778 quo
1658 3683 1770 3752 maior
1798 3677 1905 3751 luerit
1929 3703 1992 3748 nu·

576 3829 694 3876 merus
719 3829 753 3882 σ.

692 3955 767 4026 Sed
794 3981 927 4049 operae
953 3963 1106 4051 pretium
1137 3965 1227 4044 erit,
1260 3962 1330 4034 hoe
1363 3966 1470 4036 etiam
1499 3967 1782 4063 independenter
1813 3993 1832 4038 a
1858 3965 1989 4060 disqui·
2038 4007 2041 4012 ·

579 4087 707 4154 sitione
737 4085 846 4174 priori
875 4085 1046 4163 stabilire.
1110 4088 1172 4163 Ad
1202 4089 1299 4160 huno
1324 4089 1631 4190 finemquesdam
1661 4121 1771 4166 nouas
1793 4093 1989 4164 denotatio·

578 4237 641 4279 nes
667 4207 891 4280 introducere
917 4221 1118 4290 conueniet.
1179 4193 1326 4288 Scilicet
1356 4221 1595 4315 respondeant
1626 4221 1804 4296 veloribus
1834 4219 1990 4294 indeter-

576 4339 785 4409 minaterum
811 4329 856 4434 ξ,
879 4369 919 4435 η,
946 4337 1062 4442 gete.
1090 4347 1146 4420 his

796 4459 1391 4572 5:o‚21:b,g::eete.

574 4593 713 4705 volones
732 4594 885 4687 ipserum
909 4623 956 4686 x,
976 4623 1028 4696 y,
1055 4625 1076 4668 z
1102 4615 1173 4674 etc.
1197 4602 1235 4675 hi
