4394 5548
186 535 534 624 ntSQutstttortEs
577 534 833 606 GENERALES
876 531 1007 600 elaea
1051 532 1326 596 SUPERFICIES
1372 553 1455 596 erc.
1554 525 1607 608 13

142 739 146 745 ·
186 710 334 806 perlicie
360 707 546 802 sphaerica
580 707 634 781 bis
662 710 719 780 vel
747 709 882 802 pluries
904 709 947 794 ,in
973 717 1178 796 computum
1204 702 1357 786 ducere,
1390 703 1504 786 vnde,
1542 731 1606 798 pro

183 839 253 908 situ
274 837 380 906 simili
406 835 466 904 vel
489 815 670 928 opposito,
699 835 757 904 vel
782 833 1019 904 accumulatio
1046 833 1107 902 vel
1132 831 1328 901 destructio
1351 832 1435 901 oriri
1450 833 1606 924 poterit.

180 963 485 1060 simplicissimum
519 961 587 1030 erit
619 961 655 1029 in
693 961 756 1030 tali
788 982 895 1041 caau,
934 958 1083 1057 liguram
1116 961 1153 1027 in
1193 957 1383 1052 superlicio
1429 979 1537 1028 curua
1572 960 1609 1026 in

182 1105 305 1184 partes
328 1090 418 1158 tales
443 1086 592 1161 diuisam
619 1089 829 1180 concipere,
851 1110 944 1183 quae
967 1087 1128 1184 singulae
1160 1109 1226 1179 per
1250 1109 1289 1154 se
1312 1099 1494 1177 spectatae
1525 1108 1610 1157 con·
1657 1069 1659 1072 ⁵

183 1216 310 1286 ditioni
338 1216 390 1284 illi
413 1209 648 1298 satisfaciant,
679 1215 829 1311 singulis
851 1214 1009 1284 tribuere
1039 1227 1266 1283 curuatnram
1288 1237 1386 1282 suam
1416 1215 1603 1310 integram,

186 1343 386 1439 quantitate
421 1363 487 1432 per
519 1361 637 1408 aream
670 1337 805 1436 figurae
839 1343 875 1410 in
905 1337 1095 1432 superficie
1131 1339 1317 1432 sphaerica
1345 1339 1603 1430 respondentis,

182 1471 284 1564 signo
320 1490 386 1560 per
419 1467 526 1536 situm
559 1463 821 1555 determinatis,
862 1490 904 1538 ac
937 1466 1094 1562 denique
1128 1465 1264 1564 figurae
1297 1468 1362 1537 toti
1398 1463 1601 1536 adscribere

180 1607 406 1664 curuaturam
440 1595 613 1688 integram
648 1605 761 1662 ortam
797 1618 864 1688 per
895 1594 1114 1668 additionem
1146 1573 1415 1678 curuaturarum
1454 1594 1605 1688 integra·

180 1745 287 1820 numu,
316 1743 410 1814 quae
436 1719 582 1815 singulis
606 1719 765 1811 partibus
787 1720 1015 1814 respondent.
1053 1717 1301 1796 Generaliter
1327 1723 1448 1816 itaque
1476 1711 1601 1788 curua·

178 1863 259 1922 tura
286 1849 424 1944 integra
454 1846 590 1943 figurae
623 1862 678 1917 est
702 1873 740 1917 ,τ
753 1847 900 1942 slede,
934 1848 1129 1920 denotante
1161 1847 1217 1927 da
1251 1848 1468 1919 elementum
1496 1867 1602 1913 areae

179 1971 337 2070 figurae,
356 1974 379 2040 lr
401 1997 599 2044 mensuram
626 1989 839 2045 curnaturae
868 1979 903 2044 in
928 1978 1055 2070 quouis
1079 1991 1221 2067 puncto.
1253 1972 1361 2068 Quod
1374 1995 1458 2042 vcro
1473 1973 1602 2040 attinet

180 2095 226 2166 ad
241 2103 601 2188 repraesentationem
621 2105 874 2199 geometricam
887 2100 991 2172 buius
1011 2103 1205 2197 integralis,
1222 2104 1413 2194 praecipua
1430 2100 1535 2171 buius
1548 2103 1601 2168 rei

179 2236 357 2294 momenta
374 2221 628 2323 adaequantia
642 2227 806 2297 redeunt.
829 2199 1063 2319 Peripberiae
1080 2227 1215 2326 figurae
1232 2230 1267 2296 in
1281 2227 1473 2318 superficie
1489 2249 1599 2297 curua

178 2349 263 2439 (sub
294 2352 519 2440 restrictione
554 2368 620 2424 art.
639 2358 682 2442 3)
707 2376 850 2446 semper
874 2351 1104 2445 respondebit
1131 2357 1166 2423 in
1194 2353 1381 2446 superficie
1412 2352 1598 2447 sphaerica

177 2479 274 2560 linea
289 2479 325 2546 in
343 2460 388 2544 'se
406 2479 518 2569 ipsam
542 2478 700 2552 rediens.
753 2479 855 2573 Quae
875 2483 904 2549 si
927 2504 966 2548 se
995 2481 1106 2572 ipsam
1128 2479 1254 2551 nullibi
1272 2482 1473 2560 intersecat,
1489 2492 1600 2550 totam
1728 2485 1729 2490 ’
1834 2485 1843 2492 “

178 2603 404 2697 superficiem
431 2605 653 2699 sphaericam
679 2611 715 2678 in
748 2604 837 2676 duas
865 2617 987 2698 partes
1017 2604 1180 2690 dirimet,
1220 2629 1369 2705 quarum
1402 2607 1515 2676 altera
1546 2630 1601 2676 re·

176 2729 370 2824 spondebit
402 2731 537 2830 figurae
564 2736 601 2803 in
631 2733 822 2828 superficie
851 2757 980 2814 curua,
1019 2747 1056 2803 et
1086 2737 1185 2804 cuius
1217 2757 1321 2816 area,
1353 2735 1508 2826 positiue
1538 2733 1598 2805 vel
1671 2712 1676 2720 ’

177 2859 347 2954 negatiue
371 2859 602 2952 accipienda,
629 2874 736 2954 prout
760 2873 927 2953 respectu
955 2860 1185 2952 peripheriae
1208 2883 1295 2930 suae
1317 2861 1480 2930 similiter
1504 2863 1599 2931 iacet

176 2996 217 3054 vt
244 2981 357 3080 figura
384 2985 419 3052 in
444 2984 634 3078 superlicio
657 3010 766 3060 curua
789 3003 957 3083 respectu
984 3011 1089 3070 auae,
1107 2987 1186 3058 'vel
1218 2989 1381 3069 inuerse,
1412 2984 1600 3060 exhibebit

178 3110 387 3204 posterioris
414 3125 640 3181 curuaturam
665 3116 851 3214 integram.
906 3117 1056 3208 Quoties
1087 3138 1172 3186 vero
1198 3114 1294 3184 linea
1321 3115 1387 3184 ista
1411 3136 1450 3184 se
1486 3117 1599 3207 ipsam

177 3235 290 3305 semel
317 3234 375 3303 vel
401 3236 535 3327 pluries
559 3254 677 3322 secet,
711 3243 898 3315 exhibebit
923 3241 1072 3341 figuram
1098 3243 1367 3336 complicatam,
1397 3243 1456 3311 oui
1477 3254 1598 3312 tamen

178 3388 262 3434 area
296 3375 397 3432 certa
434 3387 550 3459 aeque
587 3367 748 3464 legitime
780 3371 888 3442 tribui
927 3384 1062 3463 potest,
1085 3377 1136 3440 Lac
1165 3369 1287 3467 liguris
1311 3366 1446 3464 absque
1482 3368 1596 3451 nodis,

174 3491 341 3584 haecque
360 3512 479 3586 nerea,
512 3496 580 3564 rite
613 3499 816 3579 intellecta,
851 3517 995 3589 semper
1023 3498 1183 3568 valorem
1218 3477 1350 3565 iustum
1382 3513 1595 3570 curuaturae

179 3621 341 3740 integrae
366 3616 568 3720 exhibebit.
621 3620 793 3694 Attamen
824 3623 1030 3726 uberiorem
1048 3622 1154 3696 huius
1182 3628 1381 3719 argumenti
1405 3625 1451 3696 de
1478 3627 1599 3724 figuris

178 3745 444 3842 generalissime
482 3751 669 3840 conceptis
707 3753 968 3844 expositionem
1010 3749 1058 3820 ad
1091 3751 1197 3821 aliam
1233 3755 1458 3825 occasionem
1494 3753 1597 3826 nobis

178 3891 362 3941 reseruare
386 3868 570 3945 debemus.
608 3897 617 3920 ·

870 4109 911 4186 7.

292 4219 551 4321 lnuestigemus
574 4229 643 4299 iam
668 4227 856 4304 formulam
882 4233 928 4303 ad
954 4233 1226 4326 exprimendam
1249 4260 1447 4308 mensuram
1474 4255 1599 4310 curua·

177 4361 279 4418 turae
305 4369 370 4440 pro
400 4355 526 4458 quouis
557 4371 691 4446 puncto
716 4357 919 4454 superficiei
946 4385 1090 4436 curuae.
1154 4360 1362 4434 Denotante
1389 4363 1445 4444 dc
1476 4391 1595 4438 arcam

181 4473 347 4543 elementi
374 4471 478 4546 buius
499 4480 725 4573 superficiei,
750 4485 843 4565 ch
868 4489 935 4557 erit
959 4511 1042 4559 area
1060 4493 1290 4583 proiectionis
1305 4490 1409 4564 buius
1427 4495 1596 4567 elementi

182 4601 218 4668 iu
244 4601 388 4692 planum
415 4603 698 4681 coordinatarum
720 4640 766 4702 u,
785 4640 835 4710 y5
857 4631 893 4685 et
905 4615 1075 4709 perinde,
1102 4618 1131 4688 si
1153 4615 1223 4694 ‹12
1248 4631 1301 4688 est
1322 4641 1406 4689 area
1425 4622 1605 4692 elementi·
1716 4653 1724 4662 ·
