4372 5532
614 555 670 630 32
828 564 830 568 ’
963 513 1490 655 otnomsnronnrm
1544 509 1711 624 ⁴otus's
1828 611 1832 618 .

617 734 764 826 possint.
816 727 857 799 ln
877 731 985 822 praxi
1010 731 1145 832 vulgari
1177 726 1410 800 obseruantur
1436 729 1556 828 anguli
1578 732 1833 832 triangulorum
1857 731 1942 822 ipsi,
1969 731 2042 824 qui

605 861 721 952 'proin
750 877 829 949 pros
847 881 889 939 v,
915 847 958 936 ν’,
984 847 1025 926 v''
1053 870 1120 926 etc.
1154 857 1269 948 accipi
1309 869 1475 948 possuntr
1513 853 1580 924 sed
1612 843 1787 927 memores
1820 873 1900 944 esse
1927 855 2046 924 debe·
2170 873 2171 878 ’

495 995 504 1006 ‘
619 1007 720 1066 mus,
758 985 789 1052 si
825 977 917 1050 forte
945 996 1100 1071 systema
1137 984 1283 1074 insuper
1318 941 1501 1050 cmrtineat
1529 977 1717 1077 'triangula
1747 982 1852 1062 talia.
1884 974 2046 1078 quonum
2170 945 2171 1040 i

620 1113 739 1211 anguli
766 1133 838 1180 non
860 1110 929 1178 sint
953 1107 1159 1178 immediate
1184 1079 1376 1216 obseruati.
1394 1104 1461 1176 sed
1481 1105 1657 1202 prodeant
1679 1123 1860 1206 tamquam
1879 1129 2046 1178 summae

623 1242 682 1314 vel
703 1229 931 1310 differentiae
955 1232 1166 1330 angulorum
1187 1254 1315 1302 reuera
1340 1221 1629 1316 ob'seruatorum,
1654 1236 1734 1305 illos
1758 1258 1830 1304 non
1857 1236 1948 1304 inter
1975 1231 2048 1302 ob·

622 1379 842 1438 seruaturum
867 1354 1307 1436 numerumreferendos,
1347 1352 1411 1425 sed
1444 1357 1480 1424 in
1512 1354 1624 1430 forma
1656 1360 1921 1456 compositionis
1949 1381 2044 1427 suae
2170 1359 2171 1370 ’

504 1478 509 1484 ’
624 1495 661 1562 in
693 1489 844 1594 'calculis
874 1481 1080 1556 retinendos
1113 1505 1200 1552 esse.
1257 1481 1378 1554 Aliter
1413 1503 1500 1552 vero
1533 1505 1592 1553 res
1614 1507 1653 1554 se
1684 1484 1834 1558 babebit
1865 1489 1902 1557 in
1928 1483 2043 1557 modo

624 1611 837 1688 obseruandi
870 1614 906 1681 ci
937 1611 1060 1692 simili,
1095 1632 1202 1705 quem
1228 1621 1399 1703 sequutus
1432 1620 1488 1677 est
1516 1609 1604 1680 clar.
1637 1609 1767 1684 Struve
1799 1611 2045 1702 (Aaronom-

460 1708 464 1714 .
487 1764 490 1769 ·
622 1741 709 1813 sche
732 1735 977 1808 Nacbricbten
995 1733 1048 1815 11,
1084 1732 1239 1829 p.431),
1263 1732 1322 1804 vbi
1343 1731 1559 1804 directiones
1583 1737 1802 1833 singulorum
1823 1740 1972 1810 laterum
1991 1739 2044 1809 ab

628 1866 754 1938 eodem
792 1865 925 1932 vertice
958 1847 1255 1952 proficiscentium
1296 1858 1502 1930 obtinentur
1528 1883 1594 1952 per
1625 1866 1925 1957 comparationem
1954 1889 2041 1936 cum

626 2015 695 2064 vna
731 1987 931 2083 eademque
964 1984 1162 2058 directione
1201 1984 1398 2060 arbitraria.
1464 1983 1569 2056 Tunc
1594 1989 1733 2060 scilicet
1759 1988 1797 2060 hi
1822 1991 1889 2081 ipsi
1916 1991 2041 2088 anguli

625 2142 689 2213 pro
714 2143 755 2197 v,
775 2107 820 2200 ν’,
849 2105 886 2184 ν”
911 2125 982 2181 etc.
1007 2111 1206 2204 accipiendi
1227 2127 1330 2194 sunt,
1369 2137 1440 2210 quo
1463 2126 1567 2214 pacto
1593 2137 1717 2185 omnes
1742 2115 1862 2212 anguli
1882 2117 2041 2214 triangu-

626 2245 740 2314 lorum
763 2243 802 2308 in
826 2236 937 2308 forma
962 2235 1244 2307 differentiarum
1269 2260 1309 2307 se
1337 2237 1511 2319 offerent,
1539 2241 1843 2339 aequationesque
1867 2242 2042 2314 conditio·

621 2370 720 2440 nates
745 2367 851 2459 primi
886 2365 1047 2460 generis,
1088 2360 1217 2457 quibus
1248 2383 1314 2454 per
1348 2331 1594 2436 reinaturam
1624 2380 1751 2459 sponte
1777 2368 1918 2450 satisfit,
1949 2383 2042 2440 tam·

623 2521 730 2594 qinom
765 2491 968 2585 superfluae
1002 2471 1204 2562 cessatura
1261 2485 1395 2558 Modus
1431 2486 1708 2574 obseruationis,
1743 2515 1851 2589 quem
1880 2495 2038 2586 ipsese.

621 2636 752 2721 quotus
786 2613 863 2688 sum
893 2619 930 2687 in
963 2618 1184 2689 dimensione
1216 2615 1474 2712 triangulorum
1503 2619 1603 2686 annis
1634 2616 1934 2709 praecedentibus
1958 2643 2040 2710 per·

623 2748 736 2825 tecta.
758 2741 881 2812 differt
903 2741 1048 2835 quidem
1075 2756 1151 2810 tum
1187 2765 1209 2811 a
1233 2741 1343 2833 priori
1365 2753 1441 2810 tum
1464 2762 1485 2808 a
1510 2743 1696 2832 posteriori
1719 2741 1845 2842 modo,
1880 2759 2038 2816 attamen

623 2882 787 2964 respectu
815 2859 968 2938 effectus
993 2867 1180 2959 posteriori
1206 2868 1434 2964 aequiparari
1459 2877 1594 2958 potest,
1620 2867 1669 2934 ita
1693 2880 1730 2936 vt
1751 2871 1787 2936 in
1805 2873 1954 2969 singulis
1969 2887 2039 2945 sta·

622 2995 777 3072 tionibus
801 2991 1016 3066 directiones
1038 2991 1189 3065 laterum
1222 2991 1306 3062 inde
1331 2991 1628 3086 proficiscentium
1654 2991 1700 3060 ab
1732 2979 1833 3067 initio
1857 3001 1958 3094 quasi
1982 3025 2038 3073 ar·

622 3123 768 3196 bitrario
794 3130 995 3190 numeratas
1016 3141 1080 3210 pro
1107 3117 1361 3210 quantitatibus
1386 3135 1427 3198 νς
1452 3108 1496 3202 v',
1518 3108 1559 3188 v''
1580 3129 1645 3186 eto.
1673 3120 1835 3212 accipere
1858 3138 2035 3217 oporteat.

622 3247 707 3323 Duo
734 3252 804 3316 iam
829 3245 997 3334 exempla
1031 3240 1312 3326 eiaborebimus,
1351 3242 1501 3312 alterum
1527 3238 1573 3312 ad
1600 3241 1743 3314 modum
1771 3246 1945 3338 priorem,
1985 3255 2036 3322 al.

622 3390 738 3468 terum
764 3369 810 3442 ad
835 3372 1066 3466 posteriorem
1089 3371 1282 3462 pertinens.
1418 3447 1422 3455 ,
1485 3353 1486 3356 “

1310 3713 1377 3789 23·

734 3857 952 3952 Exemplum
976 3860 1127 3974 primum
1153 3861 1254 3931 nobis
1284 3847 1525 3982 suppeditabit
1559 3881 1649 3950 opus
1680 3859 1768 3929 clar.
1798 3857 1845 3928 de
1873 3857 2034 3952 Krayen·
2048 3833 2063 3858 κ

621 3957 700 4066 bot,
728 3988 859 4055 Precis
885 3985 1087 4076 historique
1122 3985 1185 4054 des
1216 3989 1429 4081 operatione
1459 3987 1803 4078 trigonomctriques
1832 3989 1954 4078 saites
1987 4015 2034 4060 en

621 4115 831 4193 Hollande,
859 4124 896 4180 et
922 4090 1067 4206 quidem
1089 4113 1365 4205 compensationi
1393 4110 1625 4182 subiiciemua
1658 4123 1796 4201 partem
1822 4135 1902 4184 eam
1926 4128 2035 4206 s5·ste

525 4220 528 4232 ¹
621 4239 724 4308 matis
752 4239 1030 4334 triangulorum,
1071 4261 1164 4334 quae
1191 4240 1285 4307 inter
1313 4261 1444 4310 nouem
1479 4251 1611 4333 puncta
1643 4233 1865 4338 Harlingen‚
1894 4237 2033 4325 Sneek,

620 4359 906 4457 Oldeboltpade,
938 4359 1099 4458 Bellum,
1127 4359 1399 4453 Leeuwarden,
1426 4361 1616 4446 Dockum,
1645 4359 1852 4446 Draobten,
1887 4364 2033 4438 Ooster·

621 4489 752 4570 wolde,
767 4487 980 4586 Griiningen
1001 4490 1238 4561 continentur.
1288 4487 1502 4561 Formantur
1527 4465 1619 4560 inter
1643 4489 1734 4561 baec
1751 4503 1881 4582 punctu
1902 4515 2032 4564 nouem

616 4617 792 4714 triangula
834 4618 869 4685 in
907 4637 1016 4709 opera
1055 4616 1117 4685 itto
1153 4641 1219 4710 per
1253 4641 1417 4688 numeros
1454 4630 1545 4706 121,
1577 4629 1668 4705 122,
1703 4628 1915 4703 123,124,
1944 4629 2029 4701 125,
