4372 5532
430 415 626 524 rancun
667 453 957 521 arsmuonun
997 452 1435 540 arpumntrrconun.
1586 455 1642 538 29
1792 489 1809 506 -

216 638 294 708 siue
319 626 508 704 statuendo
534 655 560 698 o
580 606 699 722 :Sap
726 632 769 719 ἦ·
792 639 838 714 1,
863 623 885 695 b
909 650 951 697 :
979 636 1036 707 41·
1061 631 1107 718 -1-
1135 640 1181 714 2,

282 789 287 798 '
381 787 1163 882 (1³)=cc÷r†rr÷2r÷1

210 940 291 1014 Erit
323 943 446 1036 itaquo
479 939 567 1032 (13)
600 943 734 1033 impar,
771 938 914 1035 quoties
940 958 961 1005 r
986 960 1052 1030 par
1075 953 1150 1022 ests
1188 953 1311 1011 contra
1337 939 1423 1038 (13)
1454 907 1520 1038 par
1550 945 1628 1024 erit,

211 1073 351 1168 quoties
373 1093 393 1137 r
417 1080 471 1136 est
496 1068 628 1158 impar:
655 1065 749 1135 vnde
774 1055 998 1164 ¹colligimus,
1023 1079 1045 1146 2
1068 1070 1252 1160 pertinere
1278 1068 1325 1140 ud
1348 1069 1410 1155 B,
1441 1071 1627 1167 quotiesb

210 1199 256 1266 sit
278 1192 414 1268 formae
436 1197 562 1283 ειη-Ι·
578 1203 622 1274 2,
646 1190 693 1263 ad
715 1191 757 1263 D
779 1215 885 1275 vero,
919 1192 1061 1291 quoties
1083 1189 1106 1261 b
1134 1194 1182 1264 sit
1201 1190 1337 1264 formae
1360 1199 1531 1290 ειη-6.

324 1399 472 1524 Summa
495 1391 622 1496 hamum
648 1397 959 1495 inuestigationum
984 1399 1034 1468 ita
1056 1396 1239 1468 enunciari
1259 1411 1397 1491 potest:

319 1549 547 1626 Nunrerus2
581 1551 739 1639 pertinet
768 1547 815 1620 ad
848 1549 1077 1642 complexum
1109 1547 1168 1636 A,
1190 1549 1249 1638 B,
1275 1549 1306 1620 C
1332 1551 1391 1622 vel
1416 1549 1479 1634 D,
1514 1567 1621 1646 prout

207 1699 373 1751 numerus
400 1675 455 1772 {b
478 1665 531 1744 es't
553 1669 687 1745 formae
723 1685 812 1765 4m,
842 1679 1024 1766 4m†1,
1057 1677 1218 1764 φηςι-2
1254 1673 1314 1746 vel
1341 1683 1511 1770 4m†3.

883 2003 949 2080 22·

211 2141 243 2168 ‘⁹
317 2154 357 2226 ln
387 2151 703 2254 Disquisitionibus
736 2151 984 2228 Arithmetiois
1023 2149 1197 2226 theoriam
1234 2154 1442 2253 generalem
1474 2150 1617 2223 diuisio-

203 2286 259 2356 nia
283 2284 428 2364 circuli,
463 2293 572 2377 atquo
597 2283 781 2352 solutionis
803 2281 1026 2376 aequationis
1054 2289 1175 2352 xl’-
1193 2295 1214 2362 1
1231 2297 1311 2362 :0
1342 2278 1612 2372 explicauimus,

203 2411 367 2501 interque
393 2407 463 2477 alia
484 2405 688 2490 docuimus,
713 2411 742 2478 si
764 2439 794 2505 μ
814 2407 862 2476 sit
882 2403 1018 2476 diuisor
1045 2409 1183 2512 numeri
1212 2433 1304 2502 p-
1319 2422 1361 2489 1,
1393 2403 1611 2475 functionem
1698 2383 1702 2391 ¹

203 2543 385 2738 {Ji-13-
411 2590 447 2657 in
472 2617 502 2683 μ
529 2585 683 2659 factores
712 2583 847 2658 ordinis
872 2545 1040 2652 Q
1093 2589 1224 2658 resolui
1267 2611 1368 2683 posse
1406 2584 1610 2656 adiumento

201 2787 421 2886 aequationis
454 2781 641 2854 auxiliaris
667 2776 801 2850 ordinis
827 2813 868 2880 μ.
928 2691 1084 2854 ΙΙξιηρῐοτ
1111 2782 1284 2858 theoriam
1313 2785 1518 2883 generalem
1547 2781 1612 2851 lru·

154 2913 171 2936 ⁴⁸
201 2922 255 2986 ius
286 2911 512 2988 resolutionis
545 2907 651 2980 simul
683 2930 784 2977 canis
811 2911 1011 3001 speciales,
1046 2907 1104 2980 vbi
1125 2941 1154 3003 μ
1172 2926 1255 2991 :2
1293 2913 1350 2983 vel
1378 2931 1468 3008 με
1493 2920 1539 2989 3,
1576 2909 1613 2974 in
1739 2961 1744 2972 .

201 3045 265 3113 illo
293 3060 406 3130 opere
444 3011 482 3129 p:
511 3036 708 3118 356-358
744 3035 891 3105 seorsim
924 3032 1247 3118 considerauimua‚
1287 3039 1610 3134 aequationemqne

201 3167 411 3240 auxiliarem
442 3186 463 3231 a
496 3163 604 3255 priori
647 3162 825 3257 assignare
870 3160 1076 3247 docuimus,
1116 3163 1141 3234 i.
1167 3184 1199 3229 e.
1234 3143 1368 3256 absquo
1401 3161 1607 3230 euolutione
1742 3233 1747 3248 ,

200 3296 391 3368 schematis
421 3287 654 3361 residuorum.
678 3287 901 3361 minimorum
936 3301 1151 3383 potestatum
1189 3286 1338 3357 alicuius
1373 3269 1522 3355 radicis'
1537 3283 1607 3375 pri·
1712 3373 1719 3380 ι

197 3425 344 3495 ntitiuae
380 3439 446 3510 pro
483 3413 627 3486 modulo
650 3440 691 3509 p.
763 3413 837 3483 lam
873 3416 933 3485 vel
965 3414 1067 3485 nobis
1094 3437 1166 3484 non
1198 3409 1420 3484 monentibus
1454 3410 1606 3477 lectores

177 3550 322 3622 attenti
361 3541 467 3614 facile
504 3540 706 3634 percipient
739 3547 872 3611 nexum
911 3543 1140 3612 arctissimum
1182 3565 1282 3612 casus
1314 3537 1465 3632 proximi
1507 3533 1604 3604 istius

195 3675 377 3786 theoriae,
402 3680 489 3762 puta
515 3689 580 3759 pro
604 3679 736 3764 pazt,
770 3691 852 3739 cum
877 3668 1206 3770 inuestigationibus
1229 3667 1290 3742 hic
1310 3669 1346 3736 in
1373 3677 1452 3735 ortt.
1471 3671 1604 3744 15-20

197 3799 405 3895 explicatis,
448 3818 598 3892 quarum
636 3794 839 3865 adiumento
875 3795 937 3864 ille
972 3818 1117 3892 quoque
1156 3799 1232 3867 sino
1266 3790 1475 3865 difficultate
1508 3812 1603 3860 com·

196 3933 295 4022 pleto
321 3923 456 3996 absolui
479 3925 622 4016 poterit.
679 3919 754 3990 Sed
778 3921 871 3993 hanc
894 3921 1140 3991 tractationem
1169 3919 1216 3990 ad
1244 3921 1348 3990 aliam
1377 3919 1602 3988 occasionem
1704 3919 1708 3928 ’

197 4051 297 4124 nobis
327 4072 568 4128 reseruemus,
602 4049 759 4146 ideoque
791 4051 897 4118 etiarn
929 4047 965 4115 in
992 4047 1286 4120 commentatione
1315 4057 1502 4138 praesente
1533 4039 1602 4113 dis·

197 4149 421 4276 quisitionem
442 4176 479 4243 in
508 4171 619 4245 forma
652 4197 740 4266 pure
772 4173 993 4246 arithmetica
1025 4173 1200 4264 perlicere
1222 4174 1425 4254 maluimus,
1461 4169 1601 4241 theoria

196 4307 416 4404 aequationis
447 4311 498 4376 ,τῖ’
518 4337 567 4358 ·-
588 4315 609 4382 1
628 4313 708 4380 :0
744 4281 844 4371 nullo
881 4298 1196 4408 modo-immixta.
1259 4293 1389 4368 Contra
1420 4293 1598 4367 coronidis

193 4436 273 4506 loco
310 4431 427 4504 adhuc
459 4427 634 4528 quaedam
659 4430 728 4499 alia
751 4425 973 4499 theoremata
1004 4450 1097 4497 noua
1125 4421 1214 4518 p'ure
1242 4423 1481 4503 arithmetica,
1516 4445 1598 4492 cunr
1619 4497 1640 4532 ο

193 4572 400 4658 argumento
430 4557 601 4629 hactenus
633 4568 848 4651 pertractato
875 4553 1068 4625 arctissime
1098 4554 1304 4634 coniuncta,
1331 4549 1549 4622 adiiciemus.
1642 4559 1649 4566 '
