4394 5548
185 526 533 644 orsoorstrroua's
553 581 557 592 ·
575 552 828 621 cesenates
868 549 997 618 ornos
1049 549 1323 624 soannrrorss
1365 585 1447 630 nc.
1546 557 1600 640 17

163 747 196 822 J
307 729 332 799 l.
384 727 423 798 Si
456 727 662 822 superficies
694 749 805 797 curua
841 738 986 796 secetur
1022 724 1128 818 plano
1167 727 1232 824 ipsi
1269 733 1416 804 normali
1455 750 1491 806 et
1530 761 1594 831 per
1699 695 1714 790 ’-

186 878 291 943 axem
317 853 602 927 coordinatorum
621 853 899 938 intranseunte,
936 850 1024 922 oriri
1050 832 1195 922 curnam
1225 855 1384 948 planam,
1419 863 1519 952 cuius
1541 887 1621 933 ra·-

182 1048 262 1120 ‹lius
290 1012 502 1120 curuaturac
524 1048 562 1118 in
586 1059 719 1142 puncto
742 1048 787 1122 A
798 1049 872 1166 'fiat
891 1071 932 1122 ::
963 994 1036 1178 ἐξ,
1070 1052 1172 1148 signo
1204 1054 1357 1172 positiuo
1391 1062 1451 1130 vel
1485 1080 1593 1164 nega.

183 1232 272 1315 tino,
293 1227 487 1312 indicante¹
508 1230 770 1301 concauitatem
794 1233 853 1303 vel
879 1233 1144 1304 connexitatem
1171 1257 1293 1304 versus
1323 1236 1464 1334 plagam
1499 1262 1590 1320 eam,
1626 1231 1629 1236 ’

183 1375 306 1426 versus
329 1375 438 1450 quam
463 1353 693 1426 coordinatus
716 1381 739 1425 z
763 1371 844 1428 sunt
867 1359 1057 1452 positione.

296 1551 344 1623 ll.
392 1549 509 1621 Simili
539 1537 648 1622 'modo
691 1494 741 1679 {-
776 1555 844 1624 erit
869 1555 906 1625 in
932 1543 1119 1648 panotoA
1140 1554 1259 1626 radius
1283 1571 1497 1644 curuatnrac
1514 1580 1592 1628 cur·
1718 1645 1724 1654 ¹

185 1758 253 1805 aaa
284 1736 430 1828 planas,
453 1755 548 1831 quaa
570 1735 684 1802 oritur
707 1755 773 1824 per
793 1737 990 1806 sectionem
1013 1735 1214 1831 superficiei
1232 1759 1365 1810 curans
1380 1761 1461 1808 cum
1484 1739 1591 1832 plano

182 1885 248 1954 per
276 1884 363 1930 axes
388 1863 540 1954 ipsarum
564 1884 616 1952 y,
639 1884 660 1928 z
693 1873 909 1930 transeunte.

295 1986 361 2066 lll.¹
410 1983 608 2056 Statuando
633 2007 741 2054 κεν
763 1987 889 2086 cosp,
917 1988 1173 2088 γενεὶηφ,
1199 1987 1238 2059 lit

401 2135 424 2181 z
450 2112 693 2204 :MTcos
718 2113 771 2211 φρ
801 2116 845 2202 -Ι-
874 2111 987 2184 Vsin
1014 2114 1159 2214 φ’)νι·
1188 2120 1231 2204 -1-
1259 2112 1306 2192 Ω

183 2235 278 2308 vnrle
299 2237 501 2334 colligitur,
529 2237 560 2306 si
580 2239 695 2312 sectio
720 2237 782 2306 liat
802 2251 869 2330 per
894 2237 1037 2333 planum
1064 2237 1264 2332 superficiei
1301 2241 1339 2307 in
1367 2237 1411 2310 A
1417 2238 1591 2318 normale

183 2378 222 2434 et
247 2387 327 2434 cum
350 2385 420 2431 axe
446 2363 599 2456 ipsarum
622 2387 649 2432 ,τ
676 2363 844 2460 angulum
876 2369 909 2466 φ
935 2361 1112 2446 efficiens,
1139 2363 1224 2432 oriri
1256 2384 1402 2435 curnam
1436 2365 1589 2459 planam,

182 2492 284 2562 cuius
304 2487 424 2560 radius
445 2503 658 2560 curuaturac
683 2492 720 2560 in
744 2502 877 2582 puncto
901 2487 944 2560 A
957 2492 1012 2558 -sit
1129 2571 1131 2576 ,

757 2657 778 2724 1

464 2737 991 2762 *mann—“—

464 2767 505 2784 ”“
543 2773 720 2872 Tempe
750 2778 792 2862 -l-
826 2773 993 2872 Ιῖεἰιιφα

255 2953 261 2970 ·
298 2916 365 3043 ¹l'·
416 2921 568 3014 Quoties
606 2925 729 3019 itaque
773 2919 926 2994 habetur
967 2922 1002 3030 T
1017 2919 1126 3018 :V
1127 2966 1139 3001 ,
1181 2918 1272 2992 radii
1303 2934 1512 2994 annuaturae
1553 2923 1590 2990 in
1626 3011 1630 3022 Ι

71 3090 74 3096 -
189 3052 331 3121 cunctis
353 3048 467 3143 planis
488 3045 703 3118 normalibus
726 3038 897 3144 aequales
918 3059 1031 3116 erunt.
1084 3043 1122 3114 Si
1149 3068 1235 3116 vero
1265 3051 1301 3118 T
1320 3063 1357 3117 et
1384 3049 1427 3120 V
1445 3060 1527 3117 sunt
1542 3050 1594 3116 in·

185 3175 375 3270 aequales,
408 3145 631 3244 manifestum
654 3187 729 3259 est,
762 3195 872 3267 quum
908 3139 1074 3270 Teosglt
1102 3177 1146 3263 †
1174 3175 1216 3244 V
1226 3175 1280 3244 sin
1295 3153 1347 3276 ill
1372 3199 1436 3268 pro
1462 3178 1591 3269 quouis
1688 3195 1690 3200 ’
1805 3196 1818 3208 ·

73 3383 80 3398 ·
185 3301 308 3370 valore
329 3299 450 3397 anguli
476 3303 506 3403 φ
532 3299 638 3371 cadat
662 3304 753 3371 intra
794 3301 887 3370 Tot
909 3297 965 3377 V,
989 3296 1108 3366 radios
1136 3312 1346 3369 curuaturaa
1370 3303 1406 3367 in
1428 3301 1591 3369 sectioni·

184 3427 251 3497 bus
263 3423 533 3517 principalibus,
558 3429 593 3494 in
611 3417 633 3494 1'
650 3439 688 3495 ct
713 3425 747 3496 11
772 3423 1021 3510 consideratis,
1043 3420 1167 3493 rolerri
1188 3422 1236 3492 ad
1248 3438 1454 3496 curuaturas
1476 3438 1592 3496 extre·

187 3571 282 3631 mas,
314 3559 400 3642 putu
422 3547 572 3619 alterum
597 3546 646 3619 ad
669 3564 894 3620 curuaturam
916 3551 1129 3629 maximam,
1157 3529 1377 3620 alterum-ad
1402 3553 1592 3632 minimam,

189 3677 281 3746 siT
301 3685 339 3743 et
363 3676 405 3745 V
421 3671 549 3744 codem
574 3675 676 3772 signo
700 3673 854 3744 allectae
879 3675 968 3755 sint,
1000 3684 1124 3742 contra
1149 3673 1379 3746 altarum'arl
1403 3679 1593 3747 maximam

106 3876 116 3902 ,
188 3803 471 3880 connexitatem,
499 3798 650 3869 alterum
667 3796 715 3867 ad
728 3799 919 3868 maximam
942 3800 1218 3878 concauitatem,
1242 3801 1275 3868 si
1300 3803 1335 3870 T
1356 3814 1393 3870 et
1420 3801 1461 3871 V
1484 3801 1607 3896 signis¹
1711 3805 1715 3816 '

188 3929 358 4022 oppositis
380 3923 573 4023 gaudeant,
633 3919 719 3995 Hae
743 3924 989 3995 conclusiones
1020 3925 1137 3995 omnia
1168 3921 1245 3994 lere
1273 3927 1475 4005 continent,
1503 3947 1606 4021 quac-

186 4052 236 4122 ill.
262 4049 373 4122 Eulet·
400 4048 447 4119 tle
478 4063 665 4120 curuatnra
681 4051 944 4144 superficierum
967 4073 1152 4122 carnarum
1178 4049 1312 4144 primus
1337 4050 1472 4122 docuit.

302 4195 349 4270 V.
399 4197 569 4272 Mensura
595 4216 804 4274 curuaturac
829 4201 1029 4297 superficiei
1054 4225 1186 4272 curuae
1210 4181 1247 4273 in
1268 4217 1401 4298 puncto
1422 4203 1463 4274 A
1478 4215 1597 4272 autern
1669 4193 1673 4201 ⁴

190 4329 406 4398 nanciscitur
430 4329 692 4419 expressionem
717 4329 1007 4421 simplicissimam
1032 4329 1057 4398 t
1080 4337 1121 4399 .-“.
1147 4329 1228 4410 TV,
1251 4327 1344 4399 vnrle
1369 4328 1541 4401 habemus

304 4475 526 4548 Turonum.
576 4478 761 4552 Mensura
778 4492 1005 4550 carantanae
1031 4477 1214 4572 in'qocais
1233 4478 1444 4574 superficiei
1457 4491 1600 4574 puncto
1717 4517 1721 4526 ·

193 4605 363 4702 aequalis
383 4614 439 4674 est
457 4603 668 4696 fractioni,
702 4609 805 4681 cuias
827 4619 1042 4679 numerator
1066 4585 1207 4687 visitas,
1242 4607 1499 4676 denominator
1528 4628 1604 4686 ou-

1170 4727 1198 4800 C
