4372 5532
959 479 1184 568 ciaom'
1212 501 1491 568 narremur
1542 503 1704 570 cluss

1294 689 1360 765 20·

732 822 883 914 Quoties
909 811 1099 884 multitudo
1133 793 1386 908 aequationum
1412 789 1703 887 conditionalium
1737 837 1930 914 permagna
1961 831 2031 899 est,
2158 849 2159 858 ι

617 946 869 1024 determinatio
892 941 1147 1011 ⁶⁰rrel³l⁰rum
1168 937 1229 1024 A,
1248 939 1306 1031 B,
1330 943 1362 1012 C
1385 955 1452 1012 etc.
1472 949 1546 1035 per
1561 942 1838 1028 eliminationem
1861 941 2036 1011 directam

619 1092 693 1148 tam
720 1072 864 1166 prolixa
899 1063 1054 1172 euadere
1088 1078 1223 1158 potest,
1256 1079 1294 1136 vt
1324 1069 1549 1140 calculatoris
1574 1070 1745 1163 patientia
1773 1068 1806 1136 ei
1833 1069 1946 1160 impar
1970 1069 2035 1138 sit:

620 1217 705 1273 tune
730 1215 986 1290 saepenumero
1020 1187 1244 1260 commodum
1280 1215 1358 1262 esse
1387 1197 1538 1286 poterit,
1575 1197 1904 1288 compensationem
1939 1173 2038 1264 eom}

439 1335 446 1346 '
573 1366 575 1370 ·
621 1331 755 1422 pletum
787 1347 854 1418 per
884 1319 1209 1412 approximationes
1233 1322 1450 1390 successione
1481 1320 1685 1391 adiumento
1714 1319 1946 1390 theorematis
1969 1333 2036 1419 art.

620 1475 741 1547 praec.
764 1470 906 1520 eruere.
956 1440 1225 1514 Distribuantur
1250 1447 1481 1540 aequationes
1509 1443 1766 1522 conditionales
1788 1447 1824 1514 in
1848 1443 1936 1516 duas
1958 1446 2039 1538 plu-

622 1601 727 1652 resue
764 1576 915 1657 classes,
952 1569 1260 1665 inuestigeturque
1288 1572 1401 1662 primo
1436 1571 1695 1665 compensatio,
1739 1592 1804 1662 per
1835 1591 1941 1666 quam
1978 1591 2053 1639 ae·-

626 1703 852 1804 quationibus
875 1698 1012 1791 primae
1032 1691 1152 1762 classis
1181 1693 1325 1777 satisfit,
1350 1697 1524 1795 neglectis
1549 1698 1710 1794 reliquis.
1760 1692 1860 1766 Dein
1882 1710 2039 1766 tracten-

624 1847 682 1904 tur
713 1827 981 1910 obseruationes
1013 1843 1078 1914 per
1111 1822 1204 1889 hanc
1232 1826 1557 1914 compensationem
1585 1836 1742 1893 mutatae
1770 1821 1838 1900 ita,
1879 1831 1917 1890 vt
1944 1822 2041 1889 sola·

623 1981 702 2030 rum
729 1954 982 2051 aequationum
1005 1945 1184 2016 secundae
1216 1949 1336 2018 classis
1362 1951 1453 2021 ratic
1479 1949 1667 2022 habeatur.
1724 1921 1958 2018 Generaliter
1983 1949 2040 2017 lo·

624 2079 767 2178 quentin
807 2076 999 2170 applicatio
1034 2069 1182 2142 secundi
1223 2079 1548 2168 compensationum
1589 2079 1789 2168 systematis
1823 2099 2037 2148 consensum

623 2228 705 2280 cum
731 2199 1004 2299 aequaticnibus
1029 2201 1165 2292 primae
1195 2199 1316 2269 classis
1342 2199 1516 2292 turbabit3
1548 2223 1677 2296 quare,
1708 2203 1739 2271 si
1764 2200 1857 2274 duae
1883 2215 2039 2272 tantum·

622 2331 729 2406 modo
755 2301 1025 2398 classes·factae
1045 2341 1145 2406 sunt,
1174 2321 1220 2394 ad
1245 2327 1476 2421 aequationes
1495 2329 1630 2422 primae
1653 2326 1773 2419 classis
1799 2343 2036 2410 reuertemur,

623 2429 841 2552 tertiumque
866 2467 1022 2544 systema
1043 2452 1142 2549 quod
1166 2451 1252 2523 huic
1275 2449 1467 2522 satisfaciat
1495 2475 1677 2538 eruemus;
1702 2453 1787 2526 dein
1813 2454 2036 2526 obseruatio-

623 2609 688 2656 nes
707 2599 764 2655 ter
788 2592 967 2654 correctas
993 2577 1271 2670 compensationi
1294 2591 1447 2673 quartae
1476 2580 1722 2662 subiiciem'us,
1749 2581 1809 2653 vbi
1846 2584 1950 2652 solae·
1974 2607 2037 2652 ae·

625 2714 813 2812 quationes
832 2703 1013 2778 secundae
1040 2704 1158 2773 classis
1190 2705 1437 2796 respiciuntur.
1489 2707 1542 2777 lta
1569 2707 1714 2777 alternis
1738 2707 2041 2790 vicibus,·'modo'

513 2865 520 2880 ·
623 2841 778 2936 priorem
827 2836 976 2906 classem
1021 2828 1128 2900 modo
1165 2835 1398 2922 posteriorem
1437 2835 1687 2928 respicientes,
1727 2837 2035 2926 compensationes

622 2968 791 3038 continuo
825 2959 1078 3031 decrescentes
1106 2953 1365 3047 obtinebimus,
1397 2973 1436 3030 et
1460 2963 1490 3030 si
1517 2957 1719 3029 distributio
1744 2961 1833 3028 scite
1861 2957 2032 3032 adornata

621 3091 760 3173 luerat,
796 3100 879 3183 post
911 3110 1044 3180 paucas
1076 3087 1281 3156 iterationes
1310 3085 1357 3157 ad
1395 3107 1562 3188 numeros
1591 3083 1737 3154 stabiles
1767 3088 2030 3177 perueniemus.

622 3219 660 3289 Si
686 3219 806 3311 plures
834 3237 941 3312 ιῙιιιιιιι
966 3211 1063 3280 duae
1085 3212 1217 3281 classes
1237 3209 1352 3280 factae
1377 3225 1478 3291 mut,
1511 3195 1568 3280 res
1591 3209 1697 3280 simili
1723 3209 1829 3280 modo
1857 3233 1896 3280 ee
1920 3209 2031 3281 habe·

538 3333 542 3342 ¹
621 3345 693 3418 bit:
720 3346 852 3414 classes
880 3337 1041 3433 singulae
1076 3335 1250 3428 deinceps
1276 3340 1543 3430 incomputum
1568 3338 1730 3416 venient,
1765 3348 1845 3426 post
1870 3335 2028 3404 vltimam

622 3473 751 3542 iterum
776 3470 889 3560 prima
917 3478 957 3534 et
985 3466 1037 3536 sic
1062 3443 1179 3558 porro}
1241 3460 1316 3532 Sed
1349 3460 1500 3536 sulliciat
1529 3461 1600 3534 hoc
1623 3463 1728 3542 loco,
1757 3456 1853 3530 huuc
1883 3457 2028 3530 modurn

622 3591 894 3692 addigitauisse,
929 3593 1035 3662 ouius
1067 3587 1227 3664 elfioaeia
1263 3591 1412 3662 multum
1451 3589 1576 3684 vtique
1609 3610 1630 3657 a
1665 3588 1763 3696 scita!
1789 3583 2026 3677 applicatione

619 3717 805 3814 pendebit.

1290 3947 1356 4024 21.

731 4071 872 4152 Restat,
916 4081 954 4138 vt
994 4067 1225 4164 suppleamus
1258 4069 1596 4142 demonstrationem
1631 4069 1807 4140 lemmatis
1843 4069 1877 4138 in
1896 4040 2025 4148 art.ss

585 4187 588 4197 ’
619 4203 810 4294 suppositi,
846 4197 904 4269 vbi
942 4207 1062 4265 tamen
1096 4198 1357 4289 perspicuitatis
1388 4215 1510 4267 caussa
1541 4196 1627 4265 alias
1662 4192 1909 4266 denotationes
1939 4191 2025 4268 huic

618 4326 764 4421 negotio
790 4325 902 4419 magis
926 4321 1108 4414 adaptatae
1138 4321 1393 4394 adhibebimus.
1516 4408 1519 4416 Ι
1849 4305 1854 4312 ’

729 4445 808 4518 Sint
836 4451 958 4543 itaque
987 4453 1054 4528 κο,
1078 4443 1122 4537 κ’,
1148 4445 1202 4530 ω’,
1229 4435 1282 4543 ,ν”Ῐ
1319 4461 1389 4520 etc.
1425 4446 1738 4530 indeterminatae,
1774 4449 2026 4542 supponamus·

615 4601 704 4674 que,
731 4599 782 4648 ex
806 4575 1091 4672 aequationibus¹
1244 4539 1251 4566 i
1846 4549 1848 4556 Ι
1878 4579 1882 4590 ’
