4372 5532
184 1330 1617 1725 nnnnnonlanlgnlinincnnnn

748 1921 1033 1978 AVCTORE

359 2011 678 2160 onnono'
733 2027 1148 2166 rutnanlco
1208 2051 1447 2203 Gn'uss
1573 2129 1579 2134 -

419 2365 1039 2468 cenomanorum
1111 2373 1379 2457 emmo
1549 2299 1564 2329 ⁵

297 2589 554 2641 socrsrnn
619 2593 1077 2658 nacrnnunnnsra
1135 2588 1260 2662 1825,
1308 2597 1407 2648 arn.
1458 2591 1489 2655 5.

887 3013 926 3090 1.

269 3119 458 3276 Thouria
484 3193 706 3268 residuorum
742 3189 1030 3292 quadraticorum
1065 3189 1113 3262 ad
1128 3217 1256 3288 ,pauca
1281 3191 1504 3270 theoremata
1528 3198 1605 3274 iun·
1656 3205 1662 3216 '

182 3319 400 3392 damentaiia
449 3319 650 3404 reducitur,
700 3319 947 3413 pulcherrimis
990 3315 1254 3398 Arithmeticao
1297 3322 1522 3400 sublimioris
1557 3334 1604 3402 ci·

185 3449 300 3519 meliis
323 3446 604 3530 adnumeranda,
630 3469 723 3544 quae
744 3447 858 3540 primo
884 3467 950 3536 per
974 3439 1217 3542 inductionem
1242 3446 1350 3528 facile
1373 3453 1530 3540 detecta,
1560 3483 1604 3532 ac

182 3574 268 3645 dein
296 3572 494 3644 multifariis
528 3571 641 3644 modis
677 3575 727 3643 ita
754 3573 993 3644 demonstrata
1019 3591 1097 3640 esse
1135 3586 1291 3656 constat,
1334 3593 1372 3652 vt
1406 3583 1495 3657 nihil
1530 3609 1602 3656 am.

184 3701 278 3792 plius
301 3698 575 3770 desiderandum
599 3701 764 3770 relietum
785 3699 843 3770 sit.

299 3821 425 3924 Longe
452 3850 538 3898 vero
573 3827 709 3898 altioris
741 3822 917 3922 indaginis
945 3835 1000 3895 est
1029 3821 1169 3896 theoria
1202 3823 1423 3900 residuorum
1461 3831 1604 3904 cubico·

184 3977 261 4022 rum
276 3962 325 4021 'et
352 3929 689 4050 biquadraticorum.
742 3954 858 4049 Quam
877 3975 992 4049 quum
1017 3951 1101 4021 inde
1124 3953 1169 4022 ab
1198 3975 1289 4022 enno
1320 3943 1416 4036 1805
1441 3980 1604 4050 perscrn.

184 4084 253 4150 tari
276 4083 535 4174 coepissemus,
562 4097 706 4176 praeter
729 4105 798 4162 ea,
819 4103 913 4177 quae
940 4079 1042 4176 quasi
1065 4079 1101 4147 ia
1119 4077 1243 4146 limine
1263 4093 1345 4149 sunt
1365 4083 1490 4174 posita,
1516 4107 1603 4153 non·

182 4207 281 4276 nulla
307 4205 452 4302 quidem
476 4207 700 4280 theoremata
722 4209 895 4302 specialia
923 4230 962 4276 se
996 4203 1220 4285 obtulerunt,
1253 4218 1327 4276 tum
1352 4221 1498 4302 propter
1520 4212 1602 4279 sim·
1635 4189 1643 4196 ’

168 4332 386 4426 -plicitatem
407 4355 527 4415 suam,
547 4346 637 4402 tum
668 4349 815 4434 propter
839 4331 1180 4404 demonstrationum
1212 4327 1459 4402 difficultatem
1497 4333 1602 4420 valde

139 4453 143 4461 ’
182 4460 356 4556 insigniar
396 4483 481 4530 mox
514 4483 600 4531 vero
633 4463 887 4554 comperimus,
929 4461 1103 4552 principia
1136 4457 1399 4532 Arithmeticae
1430 4457 1604 4529 hactenus

181 4586 311 4656 esitato
353 4583 398 4654 ad
433 4586 606 4660 theoriam
647 4589 852 4688 generalem
888 4585 1136 4658 stabiliendam
1176 4587 1383 4681 neutiquam
1422 4579 1601 4671 sufficere,

1090 4709 1289 4808 ⁸a2'
