4372 5532
558 519 613 596 10
898 521 1128 590 canons
1172 525 1482 594 satnsatcts
1532 525 1675 593 GAUSS

558 699 742 775 residuum
758 701 941 772 minimum
967 699 1078 792 ipsius
1097 709 1148 794 gt
1170 701 1208 772 in
1230 699 1290 783 A,
1318 701 1356 772 B
1365 748 1375 783 ,
1402 699 1449 782 C,
1480 699 1641 794 D-resp.
1659 701 1848 796 reperitur.
1882 693 1992 770 Hinc
2062 721 2069 732 ·

559 833 798 904 nanciscimur
829 829 1013 901 criterium
1049 828 1273 923 persimplex
1297 825 1344 898 ad
1365 825 1652 913 diiudicandum,
1694 827 1742 899 ad
1766 849 1874 924 quam
1897 825 1994 894 cias·

356 959 362 986 ¹
397 1031 406 1048 κ
558 983 634 1027 sem
663 981 834 1027 numerus
857 953 960 1026 datus
986 950 1010 1025 Ῐι
1036 977 1152 1054 perp
1177 980 1249 1026 non
1274 954 1462 1028 diuisihilis
1492 955 1703 1030 referendus
1732 959 1795 1039 sit3
1832 955 1996 1048 pertine-

562 1085 615 1154 bit
638 1085 775 1154 scilicet
798 1084 822 1154 la
849 1082 895 1154 ad
928 1084 987 1165 A,
1013 1085 1071 1165 B,
1097 1083 1129 1152 C
1153 1087 1210 1155 vel
1232 1085 1294 1166 D,
1330 1099 1437 1177 prout
1467 1099 1625 1180 potestas
1654 1079 1826 1166 lese-¹³
1864 1102 1995 1150 secun·

398 1305 404 1317 .
562 1213 647 1294 dum
670 1183 859 1283 modulum
867 1237 899 1306 p
924 1232 1073 1284 numero
1101 1224 1143 1293 1,
1164 1185 1415 1304 f,—1¹vel
1454 1214 1550 1305 -s
1565 1237 1725 1312 congrua
1750 1208 1885 1283 euadit.
1933 1309 1938 1334 ί

676 1421 877 1524 Tamquam
902 1426 1130 1514 corollarium
1161 1423 1245 1496 hinc
1268 1425 1452 1521 sequitur,
1490 1438 1572 1505 -1
1605 1447 1747 1520 semper
1771 1420 1819 1493 ad
1841 1421 1993 1492 classem

565 1548 608 1620 A
625 1515 776 1632 renni,
807 1554 949 1648 quoties
965 1579 996 1648 p
1022 1557 1068 1624 sir
1091 1547 1232 1625 formae·
1254 1562 1311 1640 sn
1324 1555 1366 1642 ÷
1382 1564 1427 1635 1,
1458 1547 1505 1621 ad
1531 1552 1679 1625 classem
1707 1551 1740 1622 0
1760 1573 1868 1632 vero,
1903 1572 1995 1646 quo-

497 1683 500 1692 '
567 1679 687 1770 tiesp
710 1678 756 1744 sit
779 1674 915 1750 formae
941 1688 1052 1772 ssa-t-
1067 1691 1105 1764 5.
1155 1679 1423 1752 Demonstratic
1453 1677 1560 1752 huius
1587 1679 1819 1752 theorematis
1845 1701 1865 1748 a
1888 1677 1995 1746 theo·

568 1804 621 1872 ria
645 1801 866 1874 residuorum
891 1801 1107 1900 potestatum
1128 1806 1375 1904 independens
1401 1829 1449 1878 ex
1475 1811 1536 1890 iis,
1560 1832 1653 1906 quae
1678 1811 1715 1878 in
1741 1804 1994 1899 Disquisitr'o-

569 1929 678 2002 tribus
696 1929 956 2004 Arithmeticis
985 1957 1023 2034 p.
1041 1947 1116 2016 114
1135 1934 1340 2016 docuimus,
1364 1927 1469 2006 facile
1494 1935 1659 2008 adornari
1684 1945 1812 2031 potest.

1251 2239 1318 2316 10·

684 2385 805 2477 Quum
831 2411 957 2460 omnes
978 2388 1118 2462 radices
1143 2391 1345 2496 primitiuee
1378 2411 1442 2481 pro
1470 2385 1615 2458 modulo
1635 2411 1666 2482 p
1689 2388 1866 2484 prodeunt
1890 2415 1911 2462 c
1937 2415 1994 2464 re·
2108 2375 2115 2378 ⁸

432 2570 434 2574 .
570 2509 680 2582 siduis
700 2527 916 2607 potestatum
941 2528 1025 2612 gt,
1056 2515 1267 2612 accipiendo
1288 2524 1364 2609 'pro
1389 2516 1420 2590 λ
1442 2536 1565 2583 omnes
1589 2537 1757 2612 numeros
1780 2518 1827 2588 ad
1853 2535 1992 2613 p-1

572 2639 722 2731 primos,
737 2637 851 2739 'facile
877 2648 1108 2739 perspicitur,
1147 2646 1226 2716 illas
1248 2646 1342 2713 inter
1364 2640 1577 2732 complexus
1602 2641 1641 2710 B
1666 2658 1704 2713 et
1727 2643 1770 2714 D
1794 2649 1996 2744 aequaliter

572 2765 897 2866 dispertitasdore,
917 2769 1041 2864 basig
1065 2791 1207 2863 semper
1232 2773 1269 2842 in
1294 2769 1333 2838 B
1353 2783 1547 2848 contenta,
1587 2769 1723 2862 Quodsi
1749 2773 1828 2843 loco
1855 2778 1997 2845 numeri

571 2894 728 2988 gradix
756 2896 828 2966 alia
863 2895 1043 2997 primitiua
1075 2919 1095 2966 e
1130 2896 1321 2990 complexu
1347 2895 1385 2964 B
1412 2919 1477 2989 pro
1513 2895 1590 2971 basi
1624 2901 1816 2992 accipitur,
1851 2899 2005 2996 classiii·x

575 3023 668 3093 catio
694 3021 823 3129 eadem
842 3005 1021 3113 monebitr
1053 3027 1085 3099 si
1111 3049 1198 3099 vero
1225 3022 1334 3096 radix
1364 3023 1545 3117 primitius
1571 3007 1816 3118 &complexu
1839 3027 1883 3096 D
1907 3042 1998 3098 tarn.

574 3175 683 3256 quarn
708 3151 803 3254 basis
829 3149 1040 3248 adoptatur,
1072 3155 1205 3227 classes
1229 3127 1330 3224 B'er
1354 3149 1397 3220 D
1412 3151 1515 3219 'inter
1535 3171 1574 3218 se
1599 3126 1908 3243 permutabuntur.

567 3409 570 3416 ·
664 3363 728 3434 ·si
749 3364 990 3438 clessifioatic
1030 3364 1175 3434 criterio
1213 3363 1250 3432 in
1284 3373 1351 3433 art.
1390 3385 1516 3456 praec.
1553 3362 1693 3456 prolato
1729 3369 1997 3473 superstruitur,

576 3493 767 3576 discrimen
790 3498 884 3565 inter
910 3491 1039 3563 classes
1064 3491 1103 3562 B
1130 3503 1168 3560 et
1186 3488 1228 3559 D
1254 3486 1338 3559 inde
1360 3486 1551 3584 pendebit,
1589 3503 1703 3562 rtram
1728 3491 1887 3567 radicem
1910 3521 1999 3568 con·

575 3625 762 3723 gruentiae
785 3651 842 3696 xx
864 3637 917 3703 Ξ
935 3633 1026 3700 -1
1061 3615 1174 3712 (mod.
1193 3615 1240 3714 p)
1272 3629 1337 3714 pro
1359 3640 1509 3688 numero
1546 3614 1891 3716 characteristicof
1913 3621 2000 3694 adc-

573 3764 728 3844 ptemus.

1117 3953 1120 3958 ’
1245 3975 1308 4052 11.

694 4129 776 4222 Quo
814 4127 955 4202 facilius
996 4125 1262 4226 disquisitiones
1302 4123 1524 4209 subtiliores,
1570 4151 1660 4225 quas
1695 4130 1765 4200 iam
1798 4103 2000 4230 aggressuri

579 4279 720 4358 sumus,
740 4279 807 4347 per
828 4259 1000 4350 exempla
1026 4253 1192 4325 illustrari
1219 4253 1372 4344 possint,
1412 4257 1711 4328 constructionem
1741 4257 1905 4358 classium
1930 4283 2000 4354 pro

578 4374 742 4454 omnibus
776 4381 929 4452 modulis
966 4379 1057 4451 inira
1091 4392 1166 4463 100
1196 4379 1257 4452 hic
1286 4385 1511 4476 apponimus.
1573 4371 1747 4454 Radiccm
1780 4387 2002 4480 primitiuam

577 4531 645 4605 pro
672 4511 822 4609 singulis
848 4511 1029 4580 minimam
1053 4507 1315 4602 adoptauimus.
