4394 5548
165 533 520 649 nrsQorsrriouas
564 551 817 621 cananaeus
858 549 987 628 cruca
1020 542 1308 616 ‘consumeres
1353 571 1437 619 m.
1536 547 1587 623 11
1638 533 1646 548 ‘

287 733 328 804 ln
355 728 529 804 methodo
552 729 659 800 tertia
684 721 944 818 dispiciendum
966 737 1037 812 est,
1065 735 1204 810 atrum,
1234 719 1367 822 dumz
1393 726 1590 797 incremen·
1649 803 1652 810 ‚
1754 769 1763 782 ·

170 877 246 938 tum
271 865 462 958 positiuum
490 855 641 948 accipit,
677 853 902 923 manentibus
927 877 952 925 x
981 864 1020 921 et
1034 875 1068 946 y
1092 852 1299 942 iuuariatis,
1338 857 1503 926 transitus
1529 855 1590 927 liat

169 1015 293 1063 versus
318 990 461 1086 plagam
496 983 717 1055 exteriorem
743 1003 788 1050 an
814 981 1031 1052 interiorem.
1083 978 1125 1050 ln
1153 1003 1239 1052 casu
1262 983 1392 1073 priori,
1425 1009 1491 1078 pro
1512 1009 1593 1057 nor·

172 1117 258 1188 mali
290 1127 494 1186 extrorsum
518 1108 678 1192 directa,
707 1108 837 1180 solutio
861 1109 975 1200 prima
1000 1109 1115 1192 valet,
1150 1111 1188 1181 in
1212 1112 1402 1204 posteriori
1422 1110 1591 1184 secunda.

284 1455 422 1538 Sicuti,
468 1475 534 1548 per
566 1451 773 1526 translatam
813 1447 1049 1528 directionem
1091 1459 1260 1530 normalis
1292 1460 1330 1528 in
1365 1453 1591 1550 superficiem

167 1591 315 1659 cardam
342 1581 389 1652 ad
417 1578 643 1673 superficiem
665 1579 859 1676 sphaerae,
887 1585 1000 1654 cuiuis
1030 1598 1163 1677 puncto
1196 1582 1433 1655 determinato
1463 1583 1592 1675 prioris
1709 1558 1712 1562 ⁵

172 1709 383 1814 superficiei·
403 1706 597 1802 respondet
622 1719 792 1804 punctum
813 1692 1088 1784 determinatum
1114 1712 1151 1780 iu
1175 1713 1384 1804 posteriori,
1411 1711 1459 1779 ita
1485 1709 1594 1778 etiam

175 1839 327 1935 quaeuis
349 1836 482 1918 linea,·
495 1837 554 1906 vel
580 1839 729 1936 qnaeuis
750 1836 863 1936 ligura
886 1840 922 1908 in
945 1840 1006 1910 illa
1032 1830 1361 1932 repraesentabitur
1382 1858 1449 1929 per
1463 1834 1595 1903 lineam

174 1967 234 2035 vel
268 1963 417 2060 figuram
450 1962 790 2057 correspondentam
817 1967 854 2033 in
875 1963 957 2036 bac.
1022 1964 1064 2034 ln
1090 1966 1354 2059 comparatione
1379 1960 1530 2031 duarum
1555 1957 1595 2028 li·

134 2123 149 2140 ·
176 2112 345 2190 gurarum
376 2084 446 2157 hoc
481 2087 592 2158 modo
626 2085 696 2157 sibi
729 2103 852 2161 mutuo
886 2077 1259 2186 correspondentiam,
1297 2069 1447 2186 quarum
1480 2085 1594 2156 altera

115 2193 120 2200 ¹
177 2219 277 2314 quasi
306 2219 424 2312 imago
451 2214 598 2283 alterius
628 2213 715 2294 erit,
754 2210 826 2284 duo
853 2229 1032 2287 momenta
1056 2231 1137 2288 sunt
1157 2214 1401 2310 respicienda,
1423 2215 1590 2300 alterum,

177 2359 354 2444 protenus
375 2343 450 2412 sola
472 2338 651 2445 quantitas
673 2339 936 2425 consideratur,
962 2343 1134 2428 alterum,
1160 2358 1336 2444 quatenus
1357 2336 1595 2412 abstrahendo

178 2498 200 2543 a
221 2468 455 2544 relationibus
481 2463 725 2564 quantitatiuis
750 2469 864 2538 solum
889 2472 994 2542 situm
1022 2471 1315 2564 contemplamur.

250 2649 253 2656 ⁴
290 2619 516 2692 Momentum
550 2621 701 2713 primum
728 2617 822 2691 basis
853 2625 922 2694 erit
948 2621 1170 2722 quarundam
1196 2625 1400 2704 notionum,
1442 2637 1532 2715 quas
1556 2617 1593 2684 in

176 2749 376 2821 doctrinam
398 2747 445 2818 de
469 2743 725 2840 superficiebus
760 2749 879 2820 curuis
912 2751 1077 2844 recipere
1110 2749 1198 2818 vtile
1229 2745 1381 2820 videtur.
1447 2744 1595 2818 Scilicet

60 2875 76 2902 ³
177 2875 328 2948 cuilibet
351 2875 442 2968 parti
476 2870 679 2966 superficiei
704 2895 837 2945 carnae
866 2877 1039 2948 limitibus
1070 2876 1317 2948 determinatis
1341 2877 1479 2946 cinctae
1506 2893 1599 2970 cur-=
1706 2945 1714 2958 ,

176 2977 356 3074 vaiarom*
383 3001 532 3074 totalem
556 3021 622 3068 seu
648 3000 833 3092 integram
858 2975 1112 3092 adscribimust
1152 3027 1245 3102 quae
1265 3026 1336 3096 per
1360 3021 1480 3072 aream
1508 2995 1597 3096 ligu-

177 3151 242 3204 rae
272 3128 323 3198 illi
351 3129 387 3197 in
409 3113 598 3219 superlicio
623 3125 809 3220 sphaerica
831 3127 1117 3222 respondentem
1151 3135 1385 3226 exprimetur,
1442 3121 1503 3198 Ab
1526 3122 1615 3195 bae'

179 3267 373 3324 curuatura
405 3255 543 3351 integra
573 3253 686 3348 probe
717 3252 967 3353 distinguenda
991 3272 1046 3327 est
1078 3271 1266 3330 curuatura
1297 3255 1397 3354 quasi
1419 3248 1597 3345 specifica,

180 3402 290 3476 quam
313 3402 379 3448 nos
404 3403 616 3449 mensuram
643 3373 870 3453 curuaturo'c
889 3382 1108 3456 vocabimus:
1134 3383 1226 3454 baec
1250 3382 1425 3475 posterior
1443 3376 1489 3446 ad
1501 3401 1600 3472 pun·

187 3519 285 3576 ctum
307 3503 509 3600 superficiei
536 3505 707 3589 retertur,
743 3521 781 3578 et
801 3507 986 3580 denotabit
1010 3513 1230 3605 quotientem
1261 3510 1323 3604 qui
1350 3507 1482 3584 oritur,
1514 3501 1600 3573 dum

183 3647 372 3708 curuatura
399 3636 538 3732 integra
567 3635 737 3706 elementi
761 3631 994 3728 superficialis
1018 3650 1148 3727 puncto
1175 3634 1369 3704 adiacentis
1394 3655 1460 3724 per
1480 3650 1600 3698 aream

183 3767 295 3859 ipsius
320 3765 490 3834 elementi
513 3759 708 3847 diuiditur,
735 3774 773 3831 et
794 3761 896 3854 proin
922 3756 1055 3831 indicat
1082 3763 1255 3830 rationem
1280 3781 1442 3830 arearum
1467 3755 1602 3825 infinite
1689 3763 1693 3774 '

131 3869 141 3876 ⁶
183 3913 374 3985 paruarum
401 3893 437 3960 in
463 3887 653 3983 superficie
686 3911 797 3959 curua
823 3855 865 3958 ἐί
889 3889 924 3956 in
957 3884 1149 3980 superficie
1172 3885 1358 3980 sphaerica
1383 3883 1451 3953 eibi
1481 3893 1603 3950 mutuo

182 4019 489 4114 respondentium.
554 4011 702 4086 Vtilitas
727 4003 853 4087 barum
882 4018 1148 4086 innonationum
1178 4036 1245 4106 per
1276 4036 1339 4093 ea,
1367 4031 1458 4109 quae
1485 4009 1520 4076 in
1542 4026 1604 4097 po·

183 4160 317 4216 storum
341 4170 362 4215 a
384 4145 488 4214 nobis
503 4143 792 4235 explicabuntur,
815 4142 971 4225 abunde,
994 4158 1031 4214 vt
1048 4165 1242 4237 speramus,
1255 4141 1461 4211 sancietur,
1495 4127 1603 4224 Quod

188 4295 276 4342 vero
301 4273 429 4341 attinet
450 4271 496 4341 ad
522 4271 829 4369 terminologiam,
861 4272 1031 4366 imprimis
1066 4267 1352 4366 prospiciendum
1389 4285 1469 4366 esse
1504 4259 1608 4330 duxi·

189 4419 287 4478 mus,
313 4410 352 4468 vl
375 4399 490 4467 omnis
519 4396 731 4496 ambiguitas
754 4414 937 4482 arceatur,
964 4412 1183 4498 quapropter
1206 4395 1305 4470 baud
1327 4414 1523 4492 congruum
1545 4412 1609 4480 pu·

190 4523 361 4603 lenimus,
392 4525 590 4626 analogiam
617 4529 889 4626 termiuologiae
914 4529 951 4597 in
972 4525 1132 4597 doctrina
1155 4523 1201 4594 de
1226 4525 1330 4594 lineis
1353 4521 1471 4592 curuis
1496 4514 1609 4609 planis

190 4648 300 4745 vulgo
333 4667 518 4742 receptam
547 4634 630 4748 (etsi
651 4679 723 4728 uon
748 4658 910 4728 omnibus
944 4656 1159 4750 probatam),
1177 4656 1299 4722 stricte
1332 4647 1433 4744 sequi
1443 4692 1454 4726 ,
1489 4661 1612 4711 secun·

1166 4779 1196 4850 B
1224 4793 1246 4858 2
