4394 5548
183 565 532 656 orsoursrrrones
575 565 831 632 sterteres
873 562 1005 632 cruce
1048 537 1323 646 sereremus
1366 587 1451 634 stc.
1552 565 1607 642 25
1687 525 1693 534 ’

300 737 494 812 Manifesta
520 761 667 836 quoque
692 711 846 834 qualite
867 761 967 833 pars
979 735 1098 830 finito
1123 705 1337 835 superficiei
1359 765 1498 814 aureae
1516 761 1608 838 post

187 869 468 963 explicationem
499 866 540 938 in
568 865 685 938 oliam
710 862 946 962 superficiem
970 868 1396 961 eondemcuruoturom
1421 871 1606 968 integram
1705 909 1708 914 ’

184 995 365 1068 retinebit.

284 1117 414 1194 Casum
439 1123 657 1219 specialem,
682 1119 861 1220 atquem
887 1137 1095 1222 geometrae
1121 1123 1295 1197 haetenus
1312 1127 1604 1225 inuestigationea

181 1273 263 1322 suas
277 1251 558 1336 restrinxerunt,
585 1255 711 1323 sistunt
730 1249 938 1344 superficies
953 1252 988 1319 in
1009 1251 1153 1349 planum
1175 1251 1419 1344 explicabiles.
1444 1253 1602 1329 Theoria

179 1390 297 1446 nostra
322 1391 449 1470 sponte
474 1378 602 1460 docet,
636 1379 762 1450 talium
795 1373 1065 1472 superficierum
1096 1398 1300 1448 mensuram
1325 1394 1538 1454 curuaturae
1563 1392 1600 1454 in

181 1508 310 1602 quouis
335 1518 467 1598 puncto
493 1504 571 1576 lieri
595 1517 636 1568 Ξ
657 1518 701 1588 0,
736 1506 927 1602 quocirca,
950 1507 981 1576 si
1005 1526 1129 1582 aarum
1154 1505 1293 1580 indoles
1310 1504 1506 1582 secundum
1527 1531 1602 1580 mo·

177 1628 265 1702 dum
289 1633 433 1706 tertium
460 1633 694 1723 exprimitur,
725 1632 859 1732 ubique
884 1636 954 1708 erit
1043 1605 1047 1612 ¹

459 1779 544 1854 ‹tdz
611 1781 697 1853 ‹ttz
875 1753 962 1856 tte
1042 1791 1061 1835 ¹
1090 1865 1133 1884 -
1166 1771 1170 1780 ⁵

349 1891 351 1898 ’
459 1887 545 1984 tu
576 1908 584 1924 ·
616 1887 699 2007 rt·
728 1892 777 1912 ··
808 1795 1035 2009 (met)
1091 1869 1185 1936 ·⁰

176 2061 276 2159 quod
302 2065 504 2146 criterium,
539 2063 674 2133 dudum
706 2031 854 2159 quidem
878 2077 1021 2148 notum,
1060 2063 1274 2162 plerumque
1292 2079 1428 2136 ‘nostro
1467 2068 1594 2140 saltem

175 2189 308 2260 iudicio
326 2169 432 2263 'haud
453 2213 499 2262 eo
522 2191 641 2290 rigore
671 2191 732 2290 qui
758 2189 954 2263 desiderari
980 2203 1100 2288 posset
1122 2188 1393 2264 demonstratur.

838 2466 905 2544 13·

287 2621 391 2712 Quae
420 2620 455 2688 in
483 2630 549 2688 art.
575 2639 699 2714 praee.
734 2622 987 2712 exposuimus,
1024 2617 1221 2689 cohaerent
1248 2639 1329 2688 oum
1353 2616 1460 2688 modo
1485 2641 1594 2714 pecu·

170 2749 252 2819 lieri
284 2719 490 2839 superficies
525 2743 811 2826 comitaretur„
829 2767 1056 2839 summepere
1088 2721 1219 2842 digno,
1260 2747 1322 2840 qui
1352 2769 1373 2814 a
1399 2751 1594 2844 geometris
1639 2803 1644 2818 .

170 2871 365 2972 diligenter
390 2871 591 2942 excolatur.
650 2869 799 2943 Scilicet
822 2885 998 2968 quatenus
1020 2869 1228 2964 superficies
1252 2871 1496 2945 consideretur
1518 2899 1591 2947 non
1716 2967 1727 2980 ἱ

168 3017 352 3101 tamquam
380 3001 484 3070 limes
517 2996 644 3081 solidi,
677 2997 743 3072 sed
771 3007 953 3097 tamquam
983 2995 1156 3081 solidum,
1184 2999 1286 3068 cuius
1319 2999 1493 3074 dimensio
1520 3029 1590 3076 vua

96 3209 99 3218 ¹
169 3150 236 3224 pro
258 3139 497 3198 euanescente
514 3123 685 3206 habetur,
710 3125 836 3196 flexile
859 3125 1025 3223 quidem,
1052 3124 1118 3195 serl
1142 3149 1214 3195 non
1240 3127 1457 3198 extensibile
1470 3181 1481 3218 ‚
1503 3153 1588 3227 qua·

168 3260 290 3328 litotes
318 3252 520 3350 superficiei
554 3253 682 3346 partim
716 3276 736 3322 a
770 3249 882 3323 forma
912 3250 1088 3343 pendent,
1128 3256 1165 3350 in
1198 3275 1305 3348 quam
1343 3254 1405 3322 illa
1438 3252 1587 3326 reducta

168 3384 386 3476 concipitur,
421 3383 549 3474 partim
594 3379 779 3452 absolutae
814 3396 916 3464 sunt,
961 3396 1070 3480 atque
1107 3383 1303 3452 inuariatae
1344 3396 1507 3463 manent,
1550 3387 1608 3454 in*

162 3495 418 3606 'quamcunque
442 3502 590 3576 fororem
616 3507 678 3576 illa
704 3505 881 3589 flectatur.
931 3507 993 3582 Aa
1017 3511 1082 3582 has
1106 3509 1340 3602 posteriores,
1367 3533 1517 3605 quarum
1536 3513 1588 3582 in·

166 3640 356 3738 vestigatio
383 3657 546 3726 campum
576 3636 796 3731 geometriae
827 3657 960 3705 nouum
990 3631 1223 3731 fertilemque
1257 3636 1395 3727 aperit,
1428 3633 1586 3750 releren-

165 3763 236 3835 tlae
261 3777 343 3837 suut
368 3783 534 3833 mensura
560 3773 773 3832 curuaturae
788 3774 897 3854 atque
922 3773 1112 3832 curuatura
1139 3763 1276 3858 integra
1300 3783 1345 3830 eo
1364 3785 1482 3845 sensu,
1509 3789 1582 3864 quo

165 3890 237 3966 hae
261 3889 512 3982 expressiones
539 3913 560 3958 a
586 3887 688 3958 nobis
710 3889 953 3981 accipientum
983 3909 1092 3981 porro
1120 3886 1200 3957 lruo
1233 3890 1392 3979 pertinet
1419 3889 1582 3963 doctrina
1667 3899 1673 3914 '

163 4016 350 4088 ‹te-tineis
377 4015 616 4098 breuissimia,
644 4015 820 4114 pluraque
848 4017 951 4099 alia,
970 4015 1017 4086 oo
1040 4013 1176 4112 ‚quibus
1201 4015 1238 4084 in
1263 4029 1442 4108 posterum
1472 3997 1583 4118 agere

163 4143 266 4216 nobis
285 4167 517 4216 reseruemus.
568 4143 609 4213 ln
634 4142 705 4213 hoo
731 4141 1023 4228 considerationis
1045 4141 1152 4213 morlo
1172 4141 1378 4236 superficies
1398 4147 1504 4239 plana
1531 4162 1583 4218 at·
1713 4237 1717 4245 Ι

163 4295 236 4369 que
260 4269 468 4363 superficies
497 4272 533 4340 in
555 4269 700 4362 planum
726 4268 972 4364 explicabilis,
987 4259 1034 4340 e.
1059 4291 1096 4367 g.
1123 4270 1337 4362 cylindrica‚
1364 4273 1490 4342 conica
1510 4287 1582 4352 eto.

160 4413 343 4496 tamquam
372 4398 608 4471 essentialiter
633 4397 812 4470 i'dentioae
836 4407 1062 4489 spectantur,
1098 4395 1295 4494 modusque
1320 4398 1500 4494 ,genuinus
1532 4403 1581 4469 in·

160 4524 282 4597 dalem
302 4524 505 4619 superficiei
530 4529 578 4596 ita
604 4523 849 4596 consideratae
876 4525 1094 4620 generaliter
1116 4521 1342 4618 exprimendi
1363 4548 1505 4618 semper
1531 4529 1581 4596 in·
1620 4533 1623 4542 ’

161 4655 285 4726 nititur
310 4649 484 4726 lormulae
512 4649 550 4732 ts
564 4651 698 4748 (Εείρ2
733 4659 775 4746 ἦ·
806 4649 938 4748 2de
955 4647 1030 4746 .th
1061 4655 1101 4742 †
1135 4648 1298 4744 qu'),
1327 4673 1420 4748 quae
1442 4671 1577 4725 nexum

292 4785 297 4796 ,
900 4811 908 4820 ἢ
984 4822 997 4842 ι
1128 4771 1165 4846 D
1532 4805 1536 4812 .
