<?xml version="1.0" encoding="UTF-8"?>
<!DOCTYPE html PUBLIC "-//W3C//DTD XHTML 1.0 Transitional//EN"
    "http://www.w3.org/TR/xhtml1/DTD/xhtml1-transitional.dtd">
<html xmlns="http://www.w3.org/1999/xhtml" xml:lang="en" lang="en">
 <head>
  <title>
</title>
<meta http-equiv="Content-Type" content="text/html;charset=utf-8" />
  <meta name='ocr-system' content='tesseract 3.04.00' />
  <meta name='ocr-capabilities' content='ocr_page ocr_carea ocr_par ocr_line ocrx_word'/>
</head>
<body>
  <div class='ocr_page' id='page_1' title='image "./disquisitionesg00gausgoog_0019.png"; bbox 0 0 4394 5548; ppageno 0'>
   <div class='ocr_carea' id='block_1_1' title="bbox 595 513 1688 628">
    <p class='ocr_par' dir='ltr' id='par_1_1' title="bbox 595 513 1688 628">
     <span class='ocr_line' id='line_1_1' title="bbox 595 513 1688 628; baseline -0.006 -34"><span class='ocrx_word' id='word_1_1' title='bbox 595 520 649 596; x_wconf 77' lang='lat'><strong>12</strong></span> <span class='ocrx_word' id='word_1_2' title='bbox 707 625 708 628; x_wconf 7' lang='grc' dir='ltr'><strong>Ἴ</strong></span> <span class='ocrx_word' id='word_1_3' title='bbox 874 513 879 524; x_wconf 74' lang='grc'><em>’</em></span> <span class='ocrx_word' id='word_1_4' title='bbox 948 516 1146 583; x_wconf 69' lang='lat' dir='ltr'><strong>certost</strong></span> <span class='ocrx_word' id='word_1_5' title='bbox 1196 519 1472 584; x_wconf 72' lang='lat' dir='ltr'><strong>saluatum</strong></span> <span class='ocrx_word' id='word_1_6' title='bbox 1529 521 1688 588; x_wconf 77' lang='lat' dir='ltr'>GAUSS</span> 
     </span>
    </p>
   </div>
   <div class='ocr_carea' id='block_1_2' title="bbox 564 659 2023 1154">
    <p class='ocr_par' dir='ltr' id='par_1_2' title="bbox 564 659 2023 1154">
     <span class='ocr_line' id='line_1_2' title="bbox 601 659 2023 793; baseline -0.006 -20"><span class='ocrx_word' id='word_1_7' title='bbox 601 701 685 772; x_wconf 92' lang='lat' dir='ltr'><strong>dum</strong></span> <span class='ocrx_word' id='word_1_8' title='bbox 708 719 815 793; x_wconf 89' lang='lat' dir='ltr'><strong>quam</strong></span> <span class='ocrx_word' id='word_1_9' title='bbox 838 715 1001 762; x_wconf 86' lang='lat' dir='ltr'><strong>mensura</strong></span> <span class='ocrx_word' id='word_1_10' title='bbox 1018 703 1228 762; x_wconf 86' lang='lat' dir='ltr'><strong>curuaturae</strong></span> <span class='ocrx_word' id='word_1_11' title='bbox 1245 693 1453 784; x_wconf 86' lang='lat' dir='ltr'><strong>simpliciter</strong></span> <span class='ocrx_word' id='word_1_12' title='bbox 1478 689 1602 772; x_wconf 79' lang='lat' dir='ltr'><strong>audire</strong></span> <span class='ocrx_word' id='word_1_13' title='bbox 1621 692 1802 766; x_wconf 81' lang='lat' dir='ltr'><strong>debuisset</strong></span> <span class='ocrx_word' id='word_1_14' title='bbox 1822 659 2023 775; x_wconf 86' lang='lat' dir='ltr'><strong>curnatura,</strong></span> 
     </span>
     <span class='ocr_line' id='line_1_3' title="bbox 605 816 2021 918; baseline -0.018 -17"><span class='ocrx_word' id='word_1_15' title='bbox 605 840 793 900; x_wconf 85' lang='lat' dir='ltr'><strong>curuatura</strong></span> <span class='ocrx_word' id='word_1_16' title='bbox 819 824 958 917; x_wconf 83' lang='lat' dir='ltr'><strong>integra</strong></span> <span class='ocrx_word' id='word_1_17' title='bbox 990 831 1109 888; x_wconf 90' lang='lat' dir='ltr'><strong>autem</strong></span> <span class='ocrx_word' id='word_1_18' title='bbox 1147 816 1354 918; x_wconf 85' lang='lat' dir='ltr'><strong>amplitudo.</strong></span> <span class='ocrx_word' id='word_1_19' title='bbox 1418 816 1493 888; x_wconf 88' lang='lat' dir='ltr'><strong>Sed</strong></span> <span class='ocrx_word' id='word_1_20' title='bbox 1527 819 1650 916; x_wconf 84' lang='lat' dir='ltr'><strong>quidni</strong></span> <span class='ocrx_word' id='word_1_21' title='bbox 1680 825 1715 891; x_wconf 78' lang='lat' dir='ltr'><strong>in</strong></span> <span class='ocrx_word' id='word_1_22' title='bbox 1745 821 1864 892; x_wconf 68' lang='lat' dir='ltr'><strong>verbis</strong></span> <span class='ocrx_word' id='word_1_23' title='bbox 1899 819 2021 892; x_wconf 63' lang='lat' dir='ltr'><strong>faciles</strong></span> 
     </span>
     <span class='ocr_line' id='line_1_4' title="bbox 564 931 2023 1044; baseline -0.023 -18"><span class='ocrx_word' id='word_1_24' title='bbox 564 998 578 1012; x_wconf 70' lang='lat'><strong>›·</strong></span> <span class='ocrx_word' id='word_1_25' title='bbox 605 977 683 1044; x_wconf 83' lang='lat' dir='ltr'><strong>esse</strong></span> <span class='ocrx_word' id='word_1_26' title='bbox 710 953 856 1028; x_wconf 88' lang='lat' dir='ltr'><strong>liceret,</strong></span> <span class='ocrx_word' id='word_1_27' title='bbox 895 943 1086 1018; x_wconf 88' lang='lat' dir='ltr'><strong>dummodo</strong></span> <span class='ocrx_word' id='word_1_28' title='bbox 1111 931 1177 1014; x_wconf 42' lang='lat' dir='ltr'><strong>res*</strong></span> <span class='ocrx_word' id='word_1_29' title='bbox 1194 965 1266 1015; x_wconf 86' lang='lat' dir='ltr'><strong>non</strong></span> <span class='ocrx_word' id='word_1_30' title='bbox 1296 943 1365 1010; x_wconf 85' lang='lat' dir='ltr'><strong>sint</strong></span> <span class='ocrx_word' id='word_1_31' title='bbox 1391 943 1534 1028; x_wconf 77' lang='lat' dir='ltr'><strong>inanes,</strong></span> <span class='ocrx_word' id='word_1_32' title='bbox 1569 971 1690 1042; x_wconf 66' lang='lat' dir='ltr'><strong>11qu</strong></span> <span class='ocrx_word' id='word_1_33' title='bbox 1714 947 1822 1020; x_wconf 61' lang='lat'><strong>(110110</strong></span> <span class='ocrx_word' id='word_1_34' title='bbox 1848 949 2023 1040; x_wconf 57' lang='lat' dir='ltr'><strong>interm.</strong></span> 
     </span>
     <span class='ocr_line' id='line_1_5' title="bbox 604 1068 1136 1154; baseline -0.028 -1"><span class='ocrx_word' id='word_1_35' title='bbox 604 1081 729 1154; x_wconf 88' lang='lat' dir='ltr'><strong>tationi</strong></span> <span class='ocrx_word' id='word_1_36' title='bbox 751 1096 923 1148; x_wconf 78' lang='lat' dir='ltr'><strong>erroneae</strong></span> <span class='ocrx_word' id='word_1_37' title='bbox 955 1068 1136 1142; x_wconf 86' lang='lat' dir='ltr'><strong>obnoxia?</strong></span> 
     </span>
    </p>
   </div>
   <div class='ocr_carea' id='block_1_3' title="bbox 545 1248 2024 2102">
    <p class='ocr_par' dir='ltr' id='par_1_3' title="bbox 545 1248 2024 2102">
     <span class='ocr_line' id='line_1_6' title="bbox 719 1248 2023 1363; baseline -0.005 -37"><span class='ocrx_word' id='word_1_38' title='bbox 719 1256 814 1326; x_wconf 87' lang='lat' dir='ltr'><strong>Situs</strong></span> <span class='ocrx_word' id='word_1_39' title='bbox 837 1253 970 1350; x_wconf 80' lang='lat' dir='ltr'><strong>figurae</strong></span> <span class='ocrx_word' id='word_1_40' title='bbox 993 1254 1028 1320; x_wconf 91' lang='lat' dir='ltr'><strong>in</strong></span> <span class='ocrx_word' id='word_1_41' title='bbox 1054 1248 1239 1343; x_wconf 84' lang='lat' dir='ltr'><strong>superficie</strong></span> <span class='ocrx_word' id='word_1_42' title='bbox 1272 1249 1459 1363; x_wconf 85' lang='lat' dir='ltr'><strong>spbaerica</strong></span> <span class='ocrx_word' id='word_1_43' title='bbox 1477 1256 1535 1325; x_wconf 91' lang='lat' dir='ltr'><strong>vel</strong></span> <span class='ocrx_word' id='word_1_44' title='bbox 1557 1257 1680 1326; x_wconf 88' lang='lat' dir='ltr'><strong>similis</strong></span> <span class='ocrx_word' id='word_1_45' title='bbox 1706 1279 1783 1325; x_wconf 89' lang='lat' dir='ltr'><strong>esse</strong></span> <span class='ocrx_word' id='word_1_46' title='bbox 1804 1267 1921 1350; x_wconf 92' lang='lat' dir='ltr'><strong>potest</strong></span> <span class='ocrx_word' id='word_1_47' title='bbox 1942 1252 2023 1321; x_wconf 85' lang='lat' dir='ltr'><strong>situi</strong></span> 
     </span>
     <span class='ocr_line' id='line_1_7' title="bbox 606 1376 2021 1486; baseline -0.011 -27"><span class='ocrx_word' id='word_1_48' title='bbox 606 1391 742 1486; x_wconf 83' lang='lat' dir='ltr'><strong>figurae</strong></span> <span class='ocrx_word' id='word_1_49' title='bbox 773 1378 1019 1472; x_wconf 90' lang='lat' dir='ltr'><strong>respondentis</strong></span> <span class='ocrx_word' id='word_1_50' title='bbox 1048 1379 1083 1444; x_wconf 92' lang='lat' dir='ltr'><strong>in</strong></span> <span class='ocrx_word' id='word_1_51' title='bbox 1115 1376 1304 1469; x_wconf 76' lang='lat' dir='ltr'><strong>superficie</strong></span> <span class='ocrx_word' id='word_1_52' title='bbox 1332 1401 1460 1464; x_wconf 88' lang='lat' dir='ltr'><strong>curua,</strong></span> <span class='ocrx_word' id='word_1_53' title='bbox 1494 1383 1554 1450; x_wconf 88' lang='lat' dir='ltr'><strong>vel</strong></span> <span class='ocrx_word' id='word_1_54' title='bbox 1591 1384 1772 1476; x_wconf 87' lang='lat' dir='ltr'><strong>oppositus</strong></span> <span class='ocrx_word' id='word_1_55' title='bbox 1803 1379 2021 1472; x_wconf 75' lang='lat' dir='ltr'><strong>(inuersus);</strong></span> 
     </span>
     <span class='ocr_line' id='line_1_8' title="bbox 606 1499 2021 1604; baseline -0.014 -17"><span class='ocrx_word' id='word_1_56' title='bbox 606 1538 706 1587; x_wconf 88' lang='lat' dir='ltr'><strong>casus</strong></span> <span class='ocrx_word' id='word_1_57' title='bbox 731 1513 829 1604; x_wconf 87' lang='lat' dir='ltr'><strong>prior</strong></span> <span class='ocrx_word' id='word_1_58' title='bbox 855 1508 973 1576; x_wconf 90' lang='lat' dir='ltr'><strong>locum</strong></span> <span class='ocrx_word' id='word_1_59' title='bbox 1002 1502 1130 1582; x_wconf 88' lang='lat' dir='ltr'><strong>habet,</strong></span> <span class='ocrx_word' id='word_1_60' title='bbox 1168 1505 1227 1574; x_wconf 87' lang='lat' dir='ltr'><strong>vbi</strong></span> <span class='ocrx_word' id='word_1_61' title='bbox 1259 1505 1364 1576; x_wconf 85' lang='lat' dir='ltr'><strong>binae</strong></span> <span class='ocrx_word' id='word_1_62' title='bbox 1391 1509 1509 1579; x_wconf 92' lang='lat' dir='ltr'><strong>lineae</strong></span> <span class='ocrx_word' id='word_1_63' title='bbox 1545 1512 1580 1579; x_wconf 92' lang='lat' dir='ltr'><strong>in</strong></span> <span class='ocrx_word' id='word_1_64' title='bbox 1613 1510 1802 1604; x_wconf 84' lang='lat' dir='ltr'><strong>superficie</strong></span> <span class='ocrx_word' id='word_1_65' title='bbox 1837 1526 1946 1574; x_wconf 88' lang='lat' dir='ltr'><strong>curua</strong></span> <span class='ocrx_word' id='word_1_66' title='bbox 1977 1499 2021 1568; x_wconf 90' lang='lat' dir='ltr'><strong>ab</strong></span> 
     </span>
     <span class='ocr_line' id='line_1_9' title="bbox 609 1621 2024 1732; baseline -0.015 -16"><span class='ocrx_word' id='word_1_67' title='bbox 609 1641 738 1722; x_wconf 88' lang='lat' dir='ltr'><strong>eodem</strong></span> <span class='ocrx_word' id='word_1_68' title='bbox 764 1647 895 1732; x_wconf 90' lang='lat' dir='ltr'><strong>puncto</strong></span> <span class='ocrx_word' id='word_1_69' title='bbox 925 1627 1179 1699; x_wconf 84' lang='lat' dir='ltr'><strong>directionibus</strong></span> <span class='ocrx_word' id='word_1_70' title='bbox 1208 1631 1456 1728; x_wconf 81' lang='lat' dir='ltr'><strong>inaequalibus</strong></span> <span class='ocrx_word' id='word_1_71' title='bbox 1485 1634 1550 1704; x_wconf 91' lang='lat' dir='ltr'><strong>sed</strong></span> <span class='ocrx_word' id='word_1_72' title='bbox 1578 1621 1648 1704; x_wconf 86' lang='lat' dir='ltr'><strong>non</strong></span> <span class='ocrx_word' id='word_1_73' title='bbox 1675 1635 1843 1730; x_wconf 88' lang='lat' dir='ltr'><strong>oppositis</strong></span> <span class='ocrx_word' id='word_1_74' title='bbox 1870 1629 2024 1724; x_wconf 82' lang='lat' dir='ltr'><strong>proficis·</strong></span> 
     </span>
     <span class='ocr_line' id='line_1_10' title="bbox 607 1755 2022 1856; baseline -0.016 -13"><span class='ocrx_word' id='word_1_75' title='bbox 607 1784 730 1844; x_wconf 85' lang='lat' dir='ltr'><strong>centes</strong></span> <span class='ocrx_word' id='word_1_76' title='bbox 763 1771 1072 1856; x_wconf 73' lang='lat' dir='ltr'><strong>repraesentantur</strong></span> <span class='ocrx_word' id='word_1_77' title='bbox 1110 1759 1146 1825; x_wconf 94' lang='lat' dir='ltr'><strong>in</strong></span> <span class='ocrx_word' id='word_1_78' title='bbox 1176 1757 1363 1850; x_wconf 85' lang='lat' dir='ltr'><strong>superficie</strong></span> <span class='ocrx_word' id='word_1_79' title='bbox 1400 1760 1587 1853; x_wconf 83' lang='lat' dir='ltr'><strong>sphaerica</strong></span> <span class='ocrx_word' id='word_1_80' title='bbox 1620 1786 1685 1854; x_wconf 91' lang='lat' dir='ltr'><strong>per</strong></span> <span class='ocrx_word' id='word_1_81' title='bbox 1715 1764 1827 1830; x_wconf 86' lang='lat' dir='ltr'><strong>lineus</strong></span> <span class='ocrx_word' id='word_1_82' title='bbox 1860 1755 2022 1825; x_wconf 90' lang='lat' dir='ltr'><strong>similiter</strong></span> 
     </span>
     <span class='ocr_line' id='line_1_11' title="bbox 609 1859 2023 1980; baseline -0.018 -10"><span class='ocrx_word' id='word_1_83' title='bbox 609 1883 787 1972; x_wconf 85' lang='lat' dir='ltr'><strong>iacentes,</strong></span> <span class='ocrx_word' id='word_1_84' title='bbox 821 1900 907 1980; x_wconf 86' lang='lat' dir='ltr'><strong>puta</strong></span> <span class='ocrx_word' id='word_1_85' title='bbox 934 1883 994 1954; x_wconf 87' lang='lat' dir='ltr'><strong>vbi</strong></span> <span class='ocrx_word' id='word_1_86' title='bbox 1028 1887 1143 1980; x_wconf 81' lang='lat' dir='ltr'><strong>imago</strong></span> <span class='ocrx_word' id='word_1_87' title='bbox 1175 1887 1295 1966; x_wconf 77' lang='lat' dir='ltr'><strong>lineae</strong></span> <span class='ocrx_word' id='word_1_88' title='bbox 1329 1887 1375 1956; x_wconf 90' lang='lat' dir='ltr'><strong>ad</strong></span> <span class='ocrx_word' id='word_1_89' title='bbox 1411 1889 1575 1958; x_wconf 84' lang='lat' dir='ltr'><strong>dextram</strong></span> <span class='ocrx_word' id='word_1_90' title='bbox 1613 1859 1759 1958; x_wconf 74' lang='lat' dir='ltr'><strong>iacentis</strong></span> <span class='ocrx_word' id='word_1_91' title='bbox 1792 1890 1868 1979; x_wconf 91' lang='lat' dir='ltr'><strong>ipsa·</strong></span> <span class='ocrx_word' id='word_1_92' title='bbox 1895 1894 1949 1950; x_wconf 91' lang='lat' dir='ltr'><strong>est</strong></span> <span class='ocrx_word' id='word_1_93' title='bbox 1978 1875 2023 1946; x_wconf 90' lang='lat' dir='ltr'><strong>ad</strong></span> 
     </span>
     <span class='ocr_line' id='line_1_12' title="bbox 545 2003 2024 2102; baseline -0.016 -6"><span class='ocrx_word' id='word_1_94' title='bbox 545 2079 548 2085; x_wconf 82' lang='lat'>-</span> <span class='ocrx_word' id='word_1_95' title='bbox 607 2026 789 2102; x_wconf 83' lang='lat' dir='ltr'><strong>dextram3</strong></span> <span class='ocrx_word' id='word_1_96' title='bbox 826 2039 926 2086; x_wconf 92' lang='lat' dir='ltr'><strong>casus</strong></span> <span class='ocrx_word' id='word_1_97' title='bbox 956 2013 1148 2102; x_wconf 86' lang='lat' dir='ltr'><strong>posterior,</strong></span> <span class='ocrx_word' id='word_1_98' title='bbox 1182 2010 1240 2080; x_wconf 89' lang='lat' dir='ltr'><strong>vbi</strong></span> <span class='ocrx_word' id='word_1_99' title='bbox 1271 2019 1486 2085; x_wconf 90' lang='lat' dir='ltr'><strong>contrarium</strong></span> <span class='ocrx_word' id='word_1_100' title='bbox 1520 2017 1625 2086; x_wconf 90' lang='lat' dir='ltr'><strong>valet.</strong></span> <span class='ocrx_word' id='word_1_101' title='bbox 1692 2011 1772 2085; x_wconf 88' lang='lat' dir='ltr'><strong>Hos</strong></span> <span class='ocrx_word' id='word_1_102' title='bbox 1798 2003 1894 2084; x_wconf 47' lang='lat' dir='ltr'><strong>&#39;duos</strong></span> <span class='ocrx_word' id='word_1_103' title='bbox 1923 2031 2024 2078; x_wconf 88' lang='lat' dir='ltr'><strong>casus</strong></span> 
     </span>
    </p>
   </div>
   <div class='ocr_carea' id='block_1_4' title="bbox 607 2129 2024 2248">
    <p class='ocr_par' dir='ltr' id='par_1_4' title="bbox 607 2129 2024 2248">
     <span class='ocr_line' id='line_1_13' title="bbox 607 2129 2024 2248; baseline -0.015 -26"><span class='ocrx_word' id='word_1_104' title='bbox 607 2153 839 2248; x_wconf 72' lang='lat' dir='ltr'><strong>per&#39;signum</strong></span> <span class='ocrx_word' id='word_1_105' title='bbox 863 2163 1048 2210; x_wconf 85' lang='lat' dir='ltr'><strong>mensurae</strong></span> <span class='ocrx_word' id='word_1_106' title='bbox 1074 2152 1285 2208; x_wconf 89' lang='lat' dir='ltr'><strong>curuaturae</strong></span> <span class='ocrx_word' id='word_1_107' title='bbox 1309 2143 1368 2211; x_wconf 89' lang='lat' dir='ltr'><strong>vel</strong></span> <span class='ocrx_word' id='word_1_108' title='bbox 1383 2144 1578 2233; x_wconf 90' lang='lat' dir='ltr'><strong>positinum</strong></span> <span class='ocrx_word' id='word_1_109' title='bbox 1603 2129 1661 2216; x_wconf 87' lang='lat' dir='ltr'><strong>vel</strong></span> <span class='ocrx_word' id='word_1_110' title='bbox 1679 2145 1884 2240; x_wconf 86' lang='lat' dir='ltr'><strong>negatiuum</strong></span> <span class='ocrx_word' id='word_1_111' title='bbox 1903 2135 2024 2204; x_wconf 88' lang='lat' dir='ltr'><strong>distin·</strong></span> 
     </span>
    </p>
   </div>
   <div class='ocr_carea' id='block_1_5' title="bbox 481 2255 2111 3376">
    <p class='ocr_par' dir='ltr' id='par_1_5' title="bbox 481 2255 2111 3376">
     <span class='ocr_line' id='line_1_14' title="bbox 534 2255 2064 2378; baseline -0.015 -29"><span class='ocrx_word' id='word_1_112' title='bbox 534 2353 538 2358; x_wconf 69' lang='grc'><strong>,</strong></span> <span class='ocrx_word' id='word_1_113' title='bbox 607 2255 801 2378; x_wconf 63' lang='lat' dir='ltr'><strong>guemus:v</strong></span> <span class='ocrx_word' id='word_1_114' title='bbox 832 2264 906 2335; x_wconf 88' lang='lat' dir='ltr'><strong>Sed</strong></span> <span class='ocrx_word' id='word_1_115' title='bbox 941 2263 1126 2334; x_wconf 81' lang='lat' dir='ltr'><strong>manifesto</strong></span> <span class='ocrx_word' id='word_1_116' title='bbox 1158 2265 1248 2336; x_wconf 89' lang='lat' dir='ltr'><strong>baec</strong></span> <span class='ocrx_word' id='word_1_117' title='bbox 1270 2266 1456 2346; x_wconf 84' lang='lat' dir='ltr'><strong>distinctio</strong></span> <span class='ocrx_word' id='word_1_118' title='bbox 1477 2281 1625 2333; x_wconf 88' lang='lat' dir='ltr'><strong>eatenus</strong></span> <span class='ocrx_word' id='word_1_119' title='bbox 1651 2279 1787 2334; x_wconf 87' lang='lat' dir='ltr'><strong>tantum</strong></span> <span class='ocrx_word' id='word_1_120' title='bbox 1818 2261 1937 2333; x_wconf 77' lang='lat' dir='ltr'><strong>loc&#39;um</strong></span> <span class='ocrx_word' id='word_1_121' title='bbox 1963 2259 2024 2330; x_wconf 87' lang='lat' dir='ltr'><strong>ba·</strong></span> <span class='ocrx_word' id='word_1_122' title='bbox 2059 2349 2064 2354; x_wconf 25' lang='grc' dir='ltr'>Ι</span> 
     </span>
     <span class='ocr_line' id='line_1_15' title="bbox 607 2389 2022 2491; baseline -0.017 -15"><span class='ocrx_word' id='word_1_123' title='bbox 607 2407 695 2477; x_wconf 87' lang='lat' dir='ltr'><strong>bere</strong></span> <span class='ocrx_word' id='word_1_124' title='bbox 730 2405 870 2491; x_wconf 73' lang='lat' dir='ltr'><strong>potest,</strong></span> <span class='ocrx_word' id='word_1_125' title='bbox 909 2403 1082 2489; x_wconf 88' lang='lat' dir='ltr'><strong>quatenus</strong></span> <span class='ocrx_word' id='word_1_126' title='bbox 1109 2391 1144 2458; x_wconf 92' lang='lat' dir='ltr'><strong>in</strong></span> <span class='ocrx_word' id='word_1_127' title='bbox 1168 2403 1319 2487; x_wconf 79' lang='lat' dir='ltr'><strong>utraque</strong></span> <span class='ocrx_word' id='word_1_128' title='bbox 1350 2395 1541 2484; x_wconf 84' lang='lat' dir='ltr'><strong>superficie</strong></span> <span class='ocrx_word' id='word_1_129' title='bbox 1577 2395 1718 2490; x_wconf 83' lang='lat' dir='ltr'><strong>plagam</strong></span> <span class='ocrx_word' id='word_1_130' title='bbox 1750 2389 2022 2459; x_wconf 84' lang='lat' dir='ltr'><strong>determinatam</strong></span> 
     </span>
     <span class='ocr_line' id='line_1_16' title="bbox 609 2515 2111 2627; baseline -0.015 -25"><span class='ocrx_word' id='word_1_131' title='bbox 609 2533 794 2627; x_wconf 87' lang='lat' dir='ltr'><strong>eligimus,</strong></span> <span class='ocrx_word' id='word_1_132' title='bbox 824 2527 861 2592; x_wconf 91' lang='lat' dir='ltr'><strong>iu</strong></span> <span class='ocrx_word' id='word_1_133' title='bbox 888 2543 958 2616; x_wconf 85' lang='lat' dir='ltr'><strong>qua</strong></span> <span class='ocrx_word' id='word_1_134' title='bbox 979 2515 1091 2613; x_wconf 84' lang='lat' dir='ltr'><strong>ligura</strong></span> <span class='ocrx_word' id='word_1_135' title='bbox 1113 2519 1252 2612; x_wconf 91' lang='lat' dir='ltr'><strong>conoipi</strong></span> <span class='ocrx_word' id='word_1_136' title='bbox 1278 2519 1398 2591; x_wconf 91' lang='lat' dir='ltr'><strong>debet.</strong></span> <span class='ocrx_word' id='word_1_137' title='bbox 1452 2521 1493 2590; x_wconf 89' lang='lat' dir='ltr'><strong>ln</strong></span> <span class='ocrx_word' id='word_1_138' title='bbox 1517 2521 1667 2614; x_wconf 88' lang='lat' dir='ltr'><strong>sphaera</strong></span> <span class='ocrx_word' id='word_1_139' title='bbox 1693 2517 1856 2588; x_wconf 87' lang='lat' dir='ltr'><strong>auxiliari</strong></span> <span class='ocrx_word' id='word_1_140' title='bbox 1882 2535 2023 2604; x_wconf 89' lang='lat' dir='ltr'><strong>semper</strong></span> <span class='ocrx_word' id='word_1_141' title='bbox 2109 2525 2111 2528; x_wconf 80' lang='grc'>’</span> 
     </span>
     <span class='ocr_line' id='line_1_17' title="bbox 607 2643 2023 2754; baseline -0.014 -27"><span class='ocrx_word' id='word_1_142' title='bbox 607 2659 748 2754; x_wconf 83' lang='lat' dir='ltr'><strong>plagam</strong></span> <span class='ocrx_word' id='word_1_143' title='bbox 773 2652 999 2724; x_wconf 85' lang='lat' dir='ltr'><strong>exteriorem,</strong></span> <span class='ocrx_word' id='word_1_144' title='bbox 1022 2666 1042 2710; x_wconf 90' lang='lat' dir='ltr'><strong>a</strong></span> <span class='ocrx_word' id='word_1_145' title='bbox 1068 2655 1190 2712; x_wconf 86' lang='lat' dir='ltr'><strong>centro</strong></span> <span class='ocrx_word' id='word_1_146' title='bbox 1210 2669 1382 2730; x_wconf 87' lang='lat' dir='ltr'><strong>auersam,</strong></span> <span class='ocrx_word' id='word_1_147' title='bbox 1401 2646 1665 2719; x_wconf 82' lang='lat' dir='ltr'><strong>adhibebimus:</strong></span> <span class='ocrx_word' id='word_1_148' title='bbox 1687 2648 1723 2715; x_wconf 94' lang='lat' dir='ltr'><strong>in</strong></span> <span class='ocrx_word' id='word_1_149' title='bbox 1743 2643 1931 2738; x_wconf 81' lang='lat' dir='ltr'><strong>superficie</strong></span> <span class='ocrx_word' id='word_1_150' title='bbox 1947 2662 2023 2709; x_wconf 92' lang='lat' dir='ltr'><strong>cnr·</strong></span> 
     </span>
     <span class='ocr_line' id='line_1_18' title="bbox 485 2761 2022 2872; baseline -0.014 -20"><span class='ocrx_word' id='word_1_151' title='bbox 485 2845 487 2852; x_wconf 80' lang='grc'>,</span> <span class='ocrx_word' id='word_1_152' title='bbox 607 2809 653 2854; x_wconf 85' lang='lat' dir='ltr'><strong>va</strong></span> <span class='ocrx_word' id='word_1_153' title='bbox 684 2784 789 2849; x_wconf 90' lang='lat' dir='ltr'><strong>etiam</strong></span> <span class='ocrx_word' id='word_1_154' title='bbox 815 2775 920 2870; x_wconf 87' lang='lat' dir='ltr'><strong>plaga</strong></span> <span class='ocrx_word' id='word_1_155' title='bbox 953 2761 1111 2841; x_wconf 84' lang='lat' dir='ltr'><strong>exterior</strong></span> <span class='ocrx_word' id='word_1_156' title='bbox 1137 2773 1214 2840; x_wconf 89' lang='lat' dir='ltr'><strong>siue</strong></span> <span class='ocrx_word' id='word_1_157' title='bbox 1249 2797 1342 2869; x_wconf 86' lang='lat' dir='ltr'><strong>quae</strong></span> <span class='ocrx_word' id='word_1_158' title='bbox 1372 2763 1552 2872; x_wconf 86' lang='lat' dir='ltr'><strong>tamquam</strong></span> <span class='ocrx_word' id='word_1_159' title='bbox 1580 2776 1739 2843; x_wconf 85' lang='lat' dir='ltr'><strong>exterior</strong></span> <span class='ocrx_word' id='word_1_160' title='bbox 1767 2766 2022 2842; x_wconf 82' lang='lat' dir='ltr'><strong>consideratur,</strong></span> 
     </span>
     <span class='ocr_line' id='line_1_19' title="bbox 481 2897 2021 3010; baseline -0.014 -28"><span class='ocrx_word' id='word_1_161' title='bbox 481 2941 494 2960; x_wconf 78' lang='grc'><em>·</em></span> <span class='ocrx_word' id='word_1_162' title='bbox 608 2908 768 3002; x_wconf 91' lang='lat' dir='ltr'><strong>adoptari</strong></span> <span class='ocrx_word' id='word_1_163' title='bbox 804 2915 941 2996; x_wconf 89' lang='lat' dir='ltr'><strong>potest,</strong></span> <span class='ocrx_word' id='word_1_164' title='bbox 976 2901 1034 2971; x_wconf 89' lang='lat' dir='ltr'><strong>vel</strong></span> <span class='ocrx_word' id='word_1_165' title='bbox 1073 2901 1191 3010; x_wconf 80' lang='lat' dir='ltr'><strong>potius</strong></span> <span class='ocrx_word' id='word_1_166' title='bbox 1219 2899 1325 2997; x_wconf 88' lang='lat' dir='ltr'><strong>plaga</strong></span> <span class='ocrx_word' id='word_1_167' title='bbox 1358 2899 1506 2990; x_wconf 89' lang='lat' dir='ltr'><strong>eadem,</strong></span> <span class='ocrx_word' id='word_1_168' title='bbox 1544 2928 1564 2972; x_wconf 88' lang='lat' dir='ltr'><strong>a</strong></span> <span class='ocrx_word' id='word_1_169' title='bbox 1599 2927 1669 2999; x_wconf 89' lang='lat' dir='ltr'><strong>qua</strong></span> <span class='ocrx_word' id='word_1_170' title='bbox 1704 2897 1871 2968; x_wconf 88' lang='lat' dir='ltr'><strong>normalis</strong></span> <span class='ocrx_word' id='word_1_171' title='bbox 1901 2905 2021 2963; x_wconf 89' lang='lat' dir='ltr'><strong>erecta</strong></span> 
     </span>
     <span class='ocr_line' id='line_1_20' title="bbox 494 3015 2020 3126; baseline -0.014 -17"><span class='ocrx_word' id='word_1_172' title='bbox 494 3045 496 3051; x_wconf 66' lang='grc'><em>“</em></span> <span class='ocrx_word' id='word_1_173' title='bbox 606 3037 824 3126; x_wconf 83' lang='lat' dir='ltr'><strong>concipitur3</strong></span> <span class='ocrx_word' id='word_1_174' title='bbox 846 3027 1032 3099; x_wconf 85' lang='lat' dir='ltr'><strong>manifesto</strong></span> <span class='ocrx_word' id='word_1_175' title='bbox 1060 3028 1154 3095; x_wconf 90' lang='lat' dir='ltr'><strong>enim</strong></span> <span class='ocrx_word' id='word_1_176' title='bbox 1179 3039 1343 3117; x_wconf 89' lang='lat' dir='ltr'><strong>respectu</strong></span> <span class='ocrx_word' id='word_1_177' title='bbox 1369 3015 1606 3098; x_wconf 86' lang='lat' dir='ltr'><strong>similitudinis</strong></span> <span class='ocrx_word' id='word_1_178' title='bbox 1636 3029 1826 3126; x_wconf 84' lang='lat' dir='ltr'><strong>figurarum</strong></span> <span class='ocrx_word' id='word_1_179' title='bbox 1842 3021 1930 3091; x_wconf 86' lang='lat' dir='ltr'><strong>nihil</strong></span> <span class='ocrx_word' id='word_1_180' title='bbox 1947 3044 2020 3089; x_wconf 92' lang='lat' dir='ltr'><strong>mu·</strong></span> 
     </span>
     <span class='ocr_line' id='line_1_21' title="bbox 607 3149 2023 3249; baseline -0.014 -16"><span class='ocrx_word' id='word_1_181' title='bbox 607 3177 719 3241; x_wconf 89' lang='lat' dir='ltr'><strong>tatur,</strong></span> <span class='ocrx_word' id='word_1_182' title='bbox 747 3163 774 3228; x_wconf 89' lang='lat' dir='ltr'><strong>si</strong></span> <span class='ocrx_word' id='word_1_183' title='bbox 803 3161 839 3225; x_wconf 89' lang='lat' dir='ltr'><strong>in</strong></span> <span class='ocrx_word' id='word_1_184' title='bbox 866 3153 1053 3245; x_wconf 84' lang='lat' dir='ltr'><strong>superficie</strong></span> <span class='ocrx_word' id='word_1_185' title='bbox 1075 3173 1185 3220; x_wconf 74' lang='lat' dir='ltr'><strong>carrua</strong></span> <span class='ocrx_word' id='word_1_186' title='bbox 1214 3165 1288 3218; x_wconf 90' lang='lat' dir='ltr'><strong>tum</strong></span> <span class='ocrx_word' id='word_1_187' title='bbox 1317 3149 1429 3247; x_wconf 88' lang='lat' dir='ltr'><strong>ligura</strong></span> <span class='ocrx_word' id='word_1_188' title='bbox 1456 3153 1502 3222; x_wconf 91' lang='lat' dir='ltr'><strong>ad</strong></span> <span class='ocrx_word' id='word_1_189' title='bbox 1525 3155 1665 3249; x_wconf 88' lang='lat' dir='ltr'><strong>plagam</strong></span> <span class='ocrx_word' id='word_1_190' title='bbox 1689 3153 1891 3247; x_wconf 89' lang='lat' dir='ltr'><strong>oppositam</strong></span> <span class='ocrx_word' id='word_1_191' title='bbox 1914 3162 2023 3217; x_wconf 87' lang='lat' dir='ltr'><strong>trans·</strong></span> 
     </span>
     <span class='ocr_line' id='line_1_22' title="bbox 607 3272 2019 3376; baseline -0.013 -17"><span class='ocrx_word' id='word_1_192' title='bbox 607 3289 737 3366; x_wconf 77' lang='lat' dir='ltr'><strong>fertur,</strong></span> <span class='ocrx_word' id='word_1_193' title='bbox 764 3300 839 3354; x_wconf 90' lang='lat' dir='ltr'><strong>tum</strong></span> <span class='ocrx_word' id='word_1_194' title='bbox 866 3278 1053 3356; x_wconf 88' lang='lat' dir='ltr'><strong>normalis,</strong></span> <span class='ocrx_word' id='word_1_195' title='bbox 1075 3275 1266 3344; x_wconf 90' lang='lat' dir='ltr'><strong>dummodo</strong></span> <span class='ocrx_word' id='word_1_196' title='bbox 1289 3276 1399 3366; x_wconf 85' lang='lat' dir='ltr'><strong>ipsius</strong></span> <span class='ocrx_word' id='word_1_197' title='bbox 1429 3279 1545 3376; x_wconf 88' lang='lat' dir='ltr'><strong>imago</strong></span> <span class='ocrx_word' id='word_1_198' title='bbox 1569 3301 1710 3369; x_wconf 88' lang='lat' dir='ltr'><strong>semper</strong></span> <span class='ocrx_word' id='word_1_199' title='bbox 1737 3284 1773 3346; x_wconf 90' lang='lat' dir='ltr'><strong>in</strong></span> <span class='ocrx_word' id='word_1_200' title='bbox 1802 3273 1926 3344; x_wconf 90' lang='lat' dir='ltr'><strong>eadem</strong></span> <span class='ocrx_word' id='word_1_201' title='bbox 1946 3272 2019 3365; x_wconf 86' lang='lat' dir='ltr'><strong>pla·</strong></span> 
     </span>
    </p>
   </div>
   <div class='ocr_carea' id='block_1_6' title="bbox 606 3404 1349 3516">
    <p class='ocr_par' dir='ltr' id='par_1_6' title="bbox 606 3404 1349 3516">
     <span class='ocr_line' id='line_1_23' title="bbox 606 3404 1349 3516; baseline -0.015 -31"><span class='ocrx_word' id='word_1_202' title='bbox 606 3441 650 3516; x_wconf 86' lang='lat' dir='ltr'><strong>ga</strong></span> <span class='ocrx_word' id='word_1_203' title='bbox 673 3411 871 3506; x_wconf 78' lang='lat' dir='ltr'><strong>superficiei</strong></span> <span class='ocrx_word' id='word_1_204' title='bbox 895 3406 1102 3500; x_wconf 88' lang='lat' dir='ltr'><strong>sphaericae</strong></span> <span class='ocrx_word' id='word_1_205' title='bbox 1125 3404 1349 3500; x_wconf 85' lang='lat' dir='ltr'><strong>depingatur.</strong></span> 
     </span>
    </p>
   </div>
   <div class='ocr_carea' id='block_1_7' title="bbox 597 3571 2035 4698">
    <p class='ocr_par' dir='ltr' id='par_1_7' title="bbox 597 3571 2035 4698">
     <span class='ocr_line' id='line_1_24' title="bbox 718 3571 2017 3688; baseline -0.006 -28"><span class='ocrx_word' id='word_1_206' title='bbox 718 3591 865 3688; x_wconf 90' lang='lat' dir='ltr'><strong>Signum</strong></span> <span class='ocrx_word' id='word_1_207' title='bbox 889 3571 1079 3679; x_wconf 89' lang='lat' dir='ltr'><strong>positiuum</strong></span> <span class='ocrx_word' id='word_1_208' title='bbox 1100 3584 1158 3654; x_wconf 90' lang='lat' dir='ltr'><strong>vel</strong></span> <span class='ocrx_word' id='word_1_209' title='bbox 1180 3587 1410 3682; x_wconf 82' lang='lat' dir='ltr'><strong>negatiuum,</strong></span> <span class='ocrx_word' id='word_1_210' title='bbox 1435 3586 1532 3686; x_wconf 87' lang='lat' dir='ltr'><strong>quod</strong></span> <span class='ocrx_word' id='word_1_211' title='bbox 1551 3612 1614 3682; x_wconf 91' lang='lat' dir='ltr'><strong>pro</strong></span> <span class='ocrx_word' id='word_1_212' title='bbox 1636 3589 1707 3656; x_wconf 88' lang='lat' dir='ltr'><strong>situ</strong></span> <span class='ocrx_word' id='word_1_213' title='bbox 1725 3586 1860 3684; x_wconf 83' lang='lat' dir='ltr'><strong>figurae</strong></span> <span class='ocrx_word' id='word_1_214' title='bbox 1883 3583 2017 3655; x_wconf 85' lang='lat' dir='ltr'><strong>infinite</strong></span> 
     </span>
     <span class='ocr_line' id='line_1_25' title="bbox 604 3712 2020 3818; baseline -0.011 -25"><span class='ocrx_word' id='word_1_215' title='bbox 604 3744 736 3818; x_wconf 87' lang='lat' dir='ltr'><strong>paruae</strong></span> <span class='ocrx_word' id='word_1_216' title='bbox 765 3738 960 3790; x_wconf 83' lang='lat' dir='ltr'><strong>mensurae</strong></span> <span class='ocrx_word' id='word_1_217' title='bbox 986 3724 1194 3782; x_wconf 88' lang='lat' dir='ltr'><strong>curuaturae</strong></span> <span class='ocrx_word' id='word_1_218' title='bbox 1226 3714 1473 3794; x_wconf 87' lang='lat' dir='ltr'><strong>adscribimus,</strong></span> <span class='ocrx_word' id='word_1_219' title='bbox 1493 3717 1613 3814; x_wconf 25' lang='lat' dir='ltr'><strong>&#39;etiam</strong></span> <span class='ocrx_word' id='word_1_220' title='bbox 1646 3712 1692 3782; x_wconf 89' lang='lat' dir='ltr'><strong>ad</strong></span> <span class='ocrx_word' id='word_1_221' title='bbox 1717 3727 1942 3785; x_wconf 88' lang='lat' dir='ltr'><strong>curuaturam</strong></span> <span class='ocrx_word' id='word_1_222' title='bbox 1969 3712 2020 3778; x_wconf 93' lang='lat' dir='ltr'><strong>in·</strong></span> 
     </span>
     <span class='ocr_line' id='line_1_26' title="bbox 603 3838 2020 3948; baseline -0.011 -27"><span class='ocrx_word' id='word_1_223' title='bbox 603 3867 740 3948; x_wconf 85' lang='lat' dir='ltr'><strong>tegram</strong></span> <span class='ocrx_word' id='word_1_224' title='bbox 767 3847 901 3946; x_wconf 88' lang='lat' dir='ltr'><strong>ligurae</strong></span> <span class='ocrx_word' id='word_1_225' title='bbox 927 3843 1047 3914; x_wconf 89' lang='lat' dir='ltr'><strong>linitae</strong></span> <span class='ocrx_word' id='word_1_226' title='bbox 1073 3843 1109 3909; x_wconf 93' lang='lat' dir='ltr'><strong>in</strong></span> <span class='ocrx_word' id='word_1_227' title='bbox 1137 3841 1324 3931; x_wconf 85' lang='lat' dir='ltr'><strong>superficie</strong></span> <span class='ocrx_word' id='word_1_228' title='bbox 1357 3864 1466 3912; x_wconf 83' lang='lat' dir='ltr'><strong>curua</strong></span> <span class='ocrx_word' id='word_1_229' title='bbox 1493 3838 1729 3908; x_wconf 84' lang='lat' dir='ltr'><strong>extendimus.</strong></span> <span class='ocrx_word' id='word_1_230' title='bbox 1792 3839 1962 3910; x_wconf 84' lang='lat' dir='ltr'><strong>Attamen</strong></span> <span class='ocrx_word' id='word_1_231' title='bbox 1987 3840 2020 3906; x_wconf 91' lang='lat' dir='ltr'><strong>si</strong></span> 
     </span>
     <span class='ocr_line' id='line_1_27' title="bbox 604 3963 2017 4074; baseline -0.008 -30"><span class='ocrx_word' id='word_1_232' title='bbox 604 3989 847 4074; x_wconf 84' lang='lat' dir='ltr'><strong>argumentum</strong></span> <span class='ocrx_word' id='word_1_233' title='bbox 872 3975 967 4042; x_wconf 93' lang='lat' dir='ltr'><strong>omni</strong></span> <span class='ocrx_word' id='word_1_234' title='bbox 1000 3965 1234 4067; x_wconf 87' lang='lat' dir='ltr'><strong>generalitate</strong></span> <span class='ocrx_word' id='word_1_235' title='bbox 1263 3966 1430 4053; x_wconf 90' lang='lat' dir='ltr'><strong>amplecti</strong></span> <span class='ocrx_word' id='word_1_236' title='bbox 1454 3965 1682 4055; x_wconf 85' lang='lat' dir='ltr'><strong>suscipimus,</strong></span> <span class='ocrx_word' id='word_1_237' title='bbox 1723 3966 1898 4060; x_wconf 85' lang='lat' dir='ltr'><strong>quaedam</strong></span> <span class='ocrx_word' id='word_1_238' title='bbox 1927 3963 2017 4033; x_wconf 86' lang='lat' dir='ltr'><strong>ditu-</strong></span> 
     </span>
     <span class='ocr_line' id='line_1_28' title="bbox 603 4087 2016 4194; baseline -0.008 -21"><span class='ocrx_word' id='word_1_239' title='bbox 603 4103 797 4172; x_wconf 87' lang='lat' dir='ltr'><strong>oidationes</strong></span> <span class='ocrx_word' id='word_1_240' title='bbox 819 4099 1062 4194; x_wconf 87' lang='lat' dir='ltr'><strong>requiruntur,</strong></span> <span class='ocrx_word' id='word_1_241' title='bbox 1091 4112 1178 4187; x_wconf 89' lang='lat' dir='ltr'><strong>quas</strong></span> <span class='ocrx_word' id='word_1_242' title='bbox 1193 4088 1263 4158; x_wconf 83' lang='lat' dir='ltr'><strong>hio&#39;</strong></span> <span class='ocrx_word' id='word_1_243' title='bbox 1274 4087 1434 4162; x_wconf 91' lang='lat' dir='ltr'><strong>breuiter</strong></span> <span class='ocrx_word' id='word_1_244' title='bbox 1449 4104 1585 4160; x_wconf 88' lang='lat' dir='ltr'><strong>tantum</strong></span> <span class='ocrx_word' id='word_1_245' title='bbox 1607 4092 1829 4187; x_wconf 88' lang='lat' dir='ltr'><strong>attingemus.</strong></span> <span class='ocrx_word' id='word_1_246' title='bbox 1885 4092 2016 4184; x_wconf 90' lang='lat' dir='ltr'><strong>Quam·</strong></span> 
     </span>
     <span class='ocr_line' id='line_1_29' title="bbox 601 4219 2015 4322; baseline -0.003 -26"><span class='ocrx_word' id='word_1_247' title='bbox 601 4228 663 4297; x_wconf 90' lang='lat' dir='ltr'><strong>diu</strong></span> <span class='ocrx_word' id='word_1_248' title='bbox 684 4225 795 4322; x_wconf 84' lang='lat' dir='ltr'><strong>ligura</strong></span> <span class='ocrx_word' id='word_1_249' title='bbox 821 4225 856 4290; x_wconf 92' lang='lat' dir='ltr'><strong>in</strong></span> <span class='ocrx_word' id='word_1_250' title='bbox 883 4219 1072 4314; x_wconf 87' lang='lat' dir='ltr'><strong>superficie</strong></span> <span class='ocrx_word' id='word_1_251' title='bbox 1098 4241 1205 4286; x_wconf 87' lang='lat' dir='ltr'><strong>curua</strong></span> <span class='ocrx_word' id='word_1_252' title='bbox 1231 4219 1279 4286; x_wconf 93' lang='lat' dir='ltr'><strong>ita</strong></span> <span class='ocrx_word' id='word_1_253' title='bbox 1305 4233 1507 4310; x_wconf 86' lang='lat' dir='ltr'><strong>comparata</strong></span> <span class='ocrx_word' id='word_1_254' title='bbox 1531 4233 1601 4299; x_wconf 91' lang='lat' dir='ltr'><strong>est,</strong></span> <span class='ocrx_word' id='word_1_255' title='bbox 1641 4231 1679 4288; x_wconf 87' lang='lat' dir='ltr'><strong>vt</strong></span> <span class='ocrx_word' id='word_1_256' title='bbox 1702 4221 1848 4316; x_wconf 85' lang='lat' dir='ltr'><strong>singulis</strong></span> <span class='ocrx_word' id='word_1_257' title='bbox 1874 4221 2015 4314; x_wconf 84' lang='lat' dir='ltr'><strong>punctis</strong></span> 
     </span>
     <span class='ocr_line' id='line_1_30' title="bbox 600 4321 2014 4444; baseline -0.005 -18"><span class='ocrx_word' id='word_1_258' title='bbox 600 4360 691 4427; x_wconf 91' lang='lat' dir='ltr'><strong>intra</strong></span> <span class='ocrx_word' id='word_1_259' title='bbox 718 4357 826 4444; x_wconf 88' lang='lat' dir='ltr'><strong>ipsam</strong></span> <span class='ocrx_word' id='word_1_260' title='bbox 852 4362 982 4444; x_wconf 84' lang='lat' dir='ltr'><strong>puncta</strong></span> <span class='ocrx_word' id='word_1_261' title='bbox 1010 4321 1161 4416; x_wconf 75' lang='lat' dir='ltr'><strong>(diuerso</strong></span> <span class='ocrx_word' id='word_1_262' title='bbox 1184 4347 1219 4414; x_wconf 93' lang='lat' dir='ltr'><strong>in</strong></span> <span class='ocrx_word' id='word_1_263' title='bbox 1243 4345 1431 4440; x_wconf 86' lang='lat' dir='ltr'><strong>superficie</strong></span> <span class='ocrx_word' id='word_1_264' title='bbox 1456 4345 1641 4439; x_wconf 88' lang='lat' dir='ltr'><strong>sphaerica</strong></span> <span class='ocrx_word' id='word_1_265' title='bbox 1668 4346 1925 4440; x_wconf 89' lang='lat' dir='ltr'><strong>respondeant,</strong></span> <span class='ocrx_word' id='word_1_266' title='bbox 1952 4341 2014 4420; x_wconf 83' lang='lat' dir='ltr'><strong>de·</strong></span> 
     </span>
     <span class='ocr_line' id='line_1_31' title="bbox 599 4472 2012 4571; baseline -0.004 -19"><span class='ocrx_word' id='word_1_267' title='bbox 599 4482 711 4554; x_wconf 90' lang='lat' dir='ltr'><strong>linitio</strong></span> <span class='ocrx_word' id='word_1_268' title='bbox 738 4479 895 4548; x_wconf 87' lang='lat' dir='ltr'><strong>vlteriori</strong></span> <span class='ocrx_word' id='word_1_269' title='bbox 929 4473 1174 4566; x_wconf 87' lang='lat' dir='ltr'><strong>explicatione</strong></span> <span class='ocrx_word' id='word_1_270' title='bbox 1204 4493 1275 4542; x_wconf 86' lang='lat' dir='ltr'><strong>non</strong></span> <span class='ocrx_word' id='word_1_271' title='bbox 1308 4473 1457 4571; x_wconf 86' lang='lat' dir='ltr'><strong>indiget.</strong></span> <span class='ocrx_word' id='word_1_272' title='bbox 1519 4472 1668 4564; x_wconf 87' lang='lat' dir='ltr'><strong>Quoties</strong></span> <span class='ocrx_word' id='word_1_273' title='bbox 1703 4488 1820 4568; x_wconf 83' lang='lat' dir='ltr'><strong>autem</strong></span> <span class='ocrx_word' id='word_1_274' title='bbox 1855 4475 2012 4547; x_wconf 83' lang='lat' dir='ltr'><strong>conditio</strong></span> 
     </span>
     <span class='ocr_line' id='line_1_32' title="bbox 597 4581 2035 4698; baseline -0.006 -16"><span class='ocrx_word' id='word_1_275' title='bbox 597 4617 661 4682; x_wconf 85' lang='lat' dir='ltr'><strong>ista</strong></span> <span class='ocrx_word' id='word_1_276' title='bbox 685 4611 801 4680; x_wconf 90' lang='lat' dir='ltr'><strong>locum</strong></span> <span class='ocrx_word' id='word_1_277' title='bbox 827 4627 896 4674; x_wconf 90' lang='lat' dir='ltr'><strong>non</strong></span> <span class='ocrx_word' id='word_1_278' title='bbox 926 4601 1055 4681; x_wconf 89' lang='lat' dir='ltr'><strong>babet,</strong></span> <span class='ocrx_word' id='word_1_279' title='bbox 1087 4624 1237 4672; x_wconf 86' lang='lat' dir='ltr'><strong>necesse</strong></span> <span class='ocrx_word' id='word_1_280' title='bbox 1275 4603 1360 4684; x_wconf 86' lang='lat' dir='ltr'><strong>erit,</strong></span> <span class='ocrx_word' id='word_1_281' title='bbox 1395 4599 1564 4697; x_wconf 84' lang='lat' dir='ltr'><strong>quasdam</strong></span> <span class='ocrx_word' id='word_1_282' title='bbox 1591 4615 1708 4694; x_wconf 87' lang='lat' dir='ltr'><strong>partes</strong></span> <span class='ocrx_word' id='word_1_283' title='bbox 1733 4599 1867 4698; x_wconf 82' lang='lat' dir='ltr'><strong>figurae</strong></span> <span class='ocrx_word' id='word_1_284' title='bbox 1897 4606 1931 4672; x_wconf 92' lang='lat' dir='ltr'><strong>in</strong></span> <span class='ocrx_word' id='word_1_285' title='bbox 1955 4581 2035 4674; x_wconf 32' lang='lat' dir='ltr'><strong>sir-¹</strong></span> 
     </span>
    </p>
   </div>
   <div class='ocr_carea' id='block_1_8' title="bbox 0 0 2202 5544">
    <p class='ocr_par' dir='ltr' id='par_1_8' title="bbox 0 0 2202 5544">
     <span class='ocr_line' id='line_1_33' title="bbox 0 0 2202 5544; baseline 0 0"><span class='ocrx_word' id='word_1_286' title='bbox 0 0 2202 5544; x_wconf 95' lang='lat' dir='ltr'><strong> </strong></span> 
     </span>
    </p>
   </div>
  </div>
 </body>
</html>
