<?xml version="1.0" encoding="UTF-8"?>
<!DOCTYPE html PUBLIC "-//W3C//DTD XHTML 1.0 Transitional//EN"
    "http://www.w3.org/TR/xhtml1/DTD/xhtml1-transitional.dtd">
<html xmlns="http://www.w3.org/1999/xhtml" xml:lang="en" lang="en">
 <head>
  <title>
</title>
<meta http-equiv="Content-Type" content="text/html;charset=utf-8" />
  <meta name='ocr-system' content='tesseract 3.04.00' />
  <meta name='ocr-capabilities' content='ocr_page ocr_carea ocr_par ocr_line ocrx_word'/>
</head>
<body>
  <div class='ocr_page' id='page_1' title='image "./disquisitionesg00gausgoog_0151.png"; bbox 0 0 4350 5530; ppageno 0'>
   <div class='ocr_carea' id='block_1_1' title="bbox 523 429 1652 530">
    <p class='ocr_par' dir='ltr' id='par_1_1' title="bbox 523 429 1652 530">
     <span class='ocr_line' id='line_1_1' title="bbox 523 429 1652 530; baseline 0.001 -18"><span class='ocrx_word' id='word_1_1' title='bbox 523 491 527 498; x_wconf 86' lang='lat'><em>.</em></span> <span class='ocrx_word' id='word_1_2' title='bbox 563 457 591 530; x_wconf 66' lang='lat'><strong>4.</strong></span> <span class='ocrx_word' id='word_1_3' title='bbox 912 429 1107 512; x_wconf 71' lang='lat' dir='ltr'><strong>cenom</strong></span> <span class='ocrx_word' id='word_1_4' title='bbox 1164 448 1442 520; x_wconf 82' lang='lat' dir='ltr'><strong>raroanror</strong></span> <span class='ocrx_word' id='word_1_5' title='bbox 1492 441 1652 513; x_wconf 76' lang='lat' dir='ltr'><strong>cluss</strong></span> 
     </span>
    </p>
   </div>
   <div class='ocr_carea' id='block_1_2' title="bbox 495 615 2003 973">
    <p class='ocr_par' dir='ltr' id='par_1_2' title="bbox 495 615 2003 973">
     <span class='ocr_line' id='line_1_2' title="bbox 495 615 1994 717; baseline -0.009 -15"><span class='ocrx_word' id='word_1_6' title='bbox 495 711 497 717; x_wconf 27' lang='lat'><strong>¹</strong></span> <span class='ocrx_word' id='word_1_7' title='bbox 570 635 665 703; x_wconf 79' lang='lat' dir='ltr'><strong>tritae</strong></span> <span class='ocrx_word' id='word_1_8' title='bbox 690 632 757 697; x_wconf 85' lang='lat' dir='ltr'><strong>sint</strong></span> <span class='ocrx_word' id='word_1_9' title='bbox 786 627 821 693; x_wconf 90' lang='lat' dir='ltr'><strong>in</strong></span> <span class='ocrx_word' id='word_1_10' title='bbox 844 617 955 687; x_wconf 77' lang='lat' dir='ltr'><strong>forma</strong></span> <span class='ocrx_word' id='word_1_11' title='bbox 983 615 1198 688; x_wconf 71' lang='lat' dir='ltr'><strong>sannionum</strong></span> <span class='ocrx_word' id='word_1_12' title='bbox 1225 633 1400 690; x_wconf 88' lang='lat' dir='ltr'><strong>certorum</strong></span> <span class='ocrx_word' id='word_1_13' title='bbox 1428 620 1707 702; x_wconf 85' lang='lat' dir='ltr'><strong>elementorum,</strong></span> <span class='ocrx_word' id='word_1_14' title='bbox 1733 644 1852 716; x_wconf 88' lang='lat' dir='ltr'><strong>neque</strong></span> <span class='ocrx_word' id='word_1_15' title='bbox 1875 624 1994 716; x_wconf 75' lang='lat' dir='ltr'><strong>etiam</strong></span> 
     </span>
     <span class='ocr_line' id='line_1_3' title="bbox 575 737 1999 840; baseline -0.009 -13"><span class='ocrx_word' id='word_1_16' title='bbox 575 757 620 827; x_wconf 88' lang='lat' dir='ltr'><strong>ad</strong></span> <span class='ocrx_word' id='word_1_17' title='bbox 646 756 753 824; x_wconf 85' lang='lat' dir='ltr'><strong>talem</strong></span> <span class='ocrx_word' id='word_1_18' title='bbox 783 748 928 817; x_wconf 78' lang='lat' dir='ltr'><strong>formam</strong></span> <span class='ocrx_word' id='word_1_19' title='bbox 967 743 1181 840; x_wconf 75' lang='lat' dir='ltr'><strong>seducibiles</strong></span> <span class='ocrx_word' id='word_1_20' title='bbox 1212 743 1418 826; x_wconf 81' lang='lat' dir='ltr'><strong>videantur,</strong></span> <span class='ocrx_word' id='word_1_21' title='bbox 1454 747 1581 814; x_wconf 83' lang='lat' dir='ltr'><strong>saltem</strong></span> <span class='ocrx_word' id='word_1_22' title='bbox 1608 737 1684 814; x_wconf 44' lang='lat' dir='ltr'><strong>&#39;non</strong></span> <span class='ocrx_word' id='word_1_23' title='bbox 1715 747 1902 816; x_wconf 86' lang='lat' dir='ltr'><strong>oornmode</strong></span> <span class='ocrx_word' id='word_1_24' title='bbox 1932 747 1999 814; x_wconf 78' lang='lat' dir='ltr'><strong>rel</strong></span> 
     </span>
     <span class='ocr_line' id='line_1_4' title="bbox 576 868 2003 973; baseline -0.008 -21"><span class='ocrx_word' id='word_1_25' title='bbox 576 873 904 973; x_wconf 77' lang='lat' dir='ltr'><strong>sineambagibus:</strong></span> <span class='ocrx_word' id='word_1_26' title='bbox 936 871 1039 949; x_wconf 90' lang='lat' dir='ltr'><strong>dnm,</strong></span> <span class='ocrx_word' id='word_1_27' title='bbox 1067 891 1118 938; x_wconf 89' lang='lat' dir='ltr'><strong>ex</strong></span> <span class='ocrx_word' id='word_1_28' title='bbox 1148 868 1258 938; x_wconf 87' lang='lat' dir='ltr'><strong>altera</strong></span> <span class='ocrx_word' id='word_1_29' title='bbox 1288 883 1410 960; x_wconf 89' lang='lat' dir='ltr'><strong>parte,</strong></span> <span class='ocrx_word' id='word_1_30' title='bbox 1448 871 1502 940; x_wconf 89' lang='lat' dir='ltr'><strong>rei</strong></span> <span class='ocrx_word' id='word_1_31' title='bbox 1533 869 1671 942; x_wconf 82' lang='lat' dir='ltr'><strong>indolet</strong></span> <span class='ocrx_word' id='word_1_32' title='bbox 1705 873 1883 970; x_wconf 86' lang='lat' dir='ltr'><strong>quasdam</strong></span> <span class='ocrx_word' id='word_1_33' title='bbox 1908 899 2003 943; x_wconf 91' lang='lat' dir='ltr'><strong>con·</strong></span> 
     </span>
    </p>
   </div>
   <div class='ocr_carea' id='block_1_3' title="bbox 500 992 2001 1224">
    <p class='ocr_par' dir='ltr' id='par_1_3' title="bbox 500 992 2001 1224">
     <span class='ocr_line' id='line_1_5' title="bbox 500 992 2001 1097; baseline -0.009 -20"><span class='ocrx_word' id='word_1_34' title='bbox 500 1037 506 1052; x_wconf 93' lang='lat'><strong>·</strong></span> <span class='ocrx_word' id='word_1_35' title='bbox 578 1007 731 1075; x_wconf 83' lang='lat' dir='ltr'><strong>ditiones</strong></span> <span class='ocrx_word' id='word_1_36' title='bbox 754 995 981 1097; x_wconf 79' lang='lat' dir='ltr'><strong>suppeditat,</strong></span> <span class='ocrx_word' id='word_1_37' title='bbox 1016 992 1144 1090; x_wconf 89' lang='lat' dir='ltr'><strong>quibus</strong></span> <span class='ocrx_word' id='word_1_38' title='bbox 1175 995 1314 1063; x_wconf 82' lang='lat' dir='ltr'><strong>valeres</strong></span> <span class='ocrx_word' id='word_1_39' title='bbox 1348 999 1421 1066; x_wconf 86' lang='lat' dir='ltr'><strong>veri</strong></span> <span class='ocrx_word' id='word_1_40' title='bbox 1458 998 1692 1093; x_wconf 71' lang='lat' dir='ltr'><strong>quantitatum</strong></span> <span class='ocrx_word' id='word_1_41' title='bbox 1725 999 2001 1068; x_wconf 82' lang='lat' dir='ltr'><strong>obseruatarunr</strong></span> 
     </span>
     <span class='ocr_line' id='line_1_6' title="bbox 569 1109 1578 1224; baseline -0.015 -23"><span class='ocrx_word' id='word_1_42' title='bbox 569 1109 714 1203; x_wconf 46' lang='lat' dir='ltr'><strong>&#39;exacte</strong></span> <span class='ocrx_word' id='word_1_43' title='bbox 748 1141 785 1196; x_wconf 92' lang='lat' dir='ltr'><strong>et</strong></span> <span class='ocrx_word' id='word_1_44' title='bbox 815 1125 1014 1193; x_wconf 81' lang='lat' dir='ltr'><strong>necessario</strong></span> <span class='ocrx_word' id='word_1_45' title='bbox 1042 1119 1244 1192; x_wconf 79' lang='lat' dir='ltr'><strong>satisfacere</strong></span> <span class='ocrx_word' id='word_1_46' title='bbox 1274 1119 1428 1190; x_wconf 88' lang='lat' dir='ltr'><strong>debent..</strong></span> <span class='ocrx_word' id='word_1_47' title='bbox 1492 1177 1495 1183; x_wconf 92' lang='lat'><em>.</em></span> <span class='ocrx_word' id='word_1_48' title='bbox 1573 1217 1578 1224; x_wconf 26' lang='grc' dir='ltr'>ι</span> 
     </span>
    </p>
   </div>
   <div class='ocr_carea' id='block_1_4' title="bbox 585 1267 2083 2386">
    <p class='ocr_par' dir='ltr' id='par_1_4' title="bbox 585 1267 2083 2386">
     <span class='ocr_line' id='line_1_7' title="bbox 696 1267 2083 1400; baseline -0.003 -28"><span class='ocrx_word' id='word_1_49' title='bbox 696 1303 888 1384; x_wconf 80' lang='lat' dir='ltr'><strong>Attamen,</strong></span> <span class='ocrx_word' id='word_1_50' title='bbox 916 1326 953 1372; x_wconf 89' lang='lat' dir='ltr'><strong>rc</strong></span> <span class='ocrx_word' id='word_1_51' title='bbox 981 1286 1124 1393; x_wconf 79' lang='lat' dir='ltr'><strong>propius</strong></span> <span class='ocrx_word' id='word_1_52' title='bbox 1149 1267 1392 1379; x_wconf 84' lang='lat' dir='ltr'><strong>cobsiderata,</strong></span> <span class='ocrx_word' id='word_1_53' title='bbox 1425 1297 1530 1371; x_wconf 84' lang='lat' dir='ltr'><strong>lacile</strong></span> <span class='ocrx_word' id='word_1_54' title='bbox 1556 1303 1786 1400; x_wconf 84' lang='lat' dir='ltr'><strong>perspicitur,</strong></span> <span class='ocrx_word' id='word_1_55' title='bbox 1824 1299 1919 1372; x_wconf 86' lang='lat' dir='ltr'><strong>buno</strong></span> <span class='ocrx_word' id='word_1_56' title='bbox 1942 1325 2006 1369; x_wconf 89' lang='lat' dir='ltr'><strong>ca·</strong></span> <span class='ocrx_word' id='word_1_57' title='bbox 2078 1331 2083 1344; x_wconf 65' lang='lat'><strong><em>¹</em></strong></span> 
     </span>
     <span class='ocr_line' id='line_1_8' title="bbox 585 1406 2045 1516; baseline -0.005 -14"><span class='ocrx_word' id='word_1_58' title='bbox 585 1453 660 1502; x_wconf 89' lang='lat' dir='ltr'><strong>sum</strong></span> <span class='ocrx_word' id='word_1_59' title='bbox 688 1431 732 1498; x_wconf 85' lang='lat' dir='ltr'><strong>ab</strong></span> <span class='ocrx_word' id='word_1_60' title='bbox 769 1431 881 1498; x_wconf 85' lang='lat' dir='ltr'><strong>altero</strong></span> <span class='ocrx_word' id='word_1_61' title='bbox 913 1453 1039 1499; x_wconf 88' lang='lat' dir='ltr'><strong>reuera</strong></span> <span class='ocrx_word' id='word_1_62' title='bbox 1076 1423 1313 1516; x_wconf 69' lang='lat' dir='ltr'><strong>essentialiter</strong></span> <span class='ocrx_word' id='word_1_63' title='bbox 1343 1423 1440 1495; x_wconf 88' lang='lat' dir='ltr'><strong>band</strong></span> <span class='ocrx_word' id='word_1_64' title='bbox 1467 1406 1634 1510; x_wconf 76' lang='lat' dir='ltr'><strong>tliil&#39;crre,</strong></span> <span class='ocrx_word' id='word_1_65' title='bbox 1669 1428 1736 1498; x_wconf 83' lang='lat' dir='ltr'><strong>sed</strong></span> <span class='ocrx_word' id='word_1_66' title='bbox 1768 1423 1815 1496; x_wconf 87' lang='lat' dir='ltr'><strong>ad</strong></span> <span class='ocrx_word' id='word_1_67' title='bbox 1844 1425 2002 1496; x_wconf 87' lang='lat' dir='ltr'><strong>eundern</strong></span> <span class='ocrx_word' id='word_1_68' title='bbox 2039 1437 2045 1448; x_wconf 85' lang='lat'>&#39;</span> 
     </span>
     <span class='ocr_line' id='line_1_9' title="bbox 589 1549 2006 1654; baseline -0.004 -28"><span class='ocrx_word' id='word_1_69' title='bbox 589 1555 710 1627; x_wconf 88' lang='lat' dir='ltr'><strong>reduci</strong></span> <span class='ocrx_word' id='word_1_70' title='bbox 738 1578 872 1646; x_wconf 85' lang='lat' dir='ltr'><strong>posse.</strong></span> <span class='ocrx_word' id='word_1_71' title='bbox 939 1549 1181 1649; x_wconf 88' lang='lat' dir='ltr'><strong>Designando</strong></span> <span class='ocrx_word' id='word_1_72' title='bbox 1203 1549 1339 1620; x_wconf 90' lang='lat' dir='ltr'><strong>scilicet</strong></span> <span class='ocrx_word' id='word_1_73' title='bbox 1363 1552 1635 1627; x_wconf 86' lang='lat' dir='ltr'><strong>&#39;multitudinem</strong></span> <span class='ocrx_word' id='word_1_74' title='bbox 1672 1557 1905 1654; x_wconf 78' lang='lat' dir='ltr'><strong>quantitatum</strong></span> <span class='ocrx_word' id='word_1_75' title='bbox 1938 1553 2006 1620; x_wconf 85' lang='lat' dir='ltr'><strong>ob·</strong></span> 
     </span>
     <span class='ocr_line' id='line_1_10' title="bbox 590 1671 2005 1774; baseline -0.004 -24"><span class='ocrx_word' id='word_1_76' title='bbox 590 1695 808 1750; x_wconf 81' lang='lat' dir='ltr'><strong>seruaturum</strong></span> <span class='ocrx_word' id='word_1_77' title='bbox 832 1671 897 1774; x_wconf 82' lang='lat' dir='ltr'><strong>pei·</strong></span> <span class='ocrx_word' id='word_1_78' title='bbox 916 1702 966 1760; x_wconf 78' lang='grc' dir='ltr'><strong>π,</strong></span> <span class='ocrx_word' id='word_1_79' title='bbox 996 1673 1256 1748; x_wconf 80' lang='lat' dir='ltr'><strong>multitudinem</strong></span> <span class='ocrx_word' id='word_1_80' title='bbox 1283 1681 1536 1773; x_wconf 89' lang='lat' dir='ltr'><strong>aequationnm</strong></span> <span class='ocrx_word' id='word_1_81' title='bbox 1565 1680 1855 1751; x_wconf 84' lang='lat' dir='ltr'><strong>conditionalium</strong></span> <span class='ocrx_word' id='word_1_82' title='bbox 1880 1692 2005 1747; x_wconf 90' lang='lat' dir='ltr'><strong>antem</strong></span> 
     </span>
     <span class='ocr_line' id='line_1_11' title="bbox 593 1802 2005 1904; baseline -0.011 -19"><span class='ocrx_word' id='word_1_83' title='bbox 593 1831 659 1900; x_wconf 73' lang='lat' dir='ltr'><strong>per</strong></span> <span class='ocrx_word' id='word_1_84' title='bbox 684 1835 725 1892; x_wconf 71' lang='lat' dir='ltr'><strong>a,</strong></span> <span class='ocrx_word' id='word_1_85' title='bbox 759 1808 998 1904; x_wconf 70' lang='lat' dir='ltr'><strong>eligendoque</strong></span> <span class='ocrx_word' id='word_1_86' title='bbox 1028 1802 1247 1898; x_wconf 71' lang='lat' dir='ltr'><strong>aptioribus</strong></span> <span class='ocrx_word' id='word_1_87' title='bbox 1276 1830 1410 1884; x_wconf 81' lang='grc' dir='ltr'><strong>π-σ</strong></span> <span class='ocrx_word' id='word_1_88' title='bbox 1443 1806 1489 1875; x_wconf 89' lang='lat' dir='ltr'><strong>ad</strong></span> <span class='ocrx_word' id='word_1_89' title='bbox 1518 1807 1687 1893; x_wconf 88' lang='lat' dir='ltr'><strong>lubitum,</strong></span> <span class='ocrx_word' id='word_1_90' title='bbox 1722 1805 1810 1876; x_wconf 88' lang='lat' dir='ltr'><strong>nihil</strong></span> <span class='ocrx_word' id='word_1_91' title='bbox 1840 1803 2005 1896; x_wconf 87' lang='lat' dir='ltr'><strong>impedit,</strong></span> 
     </span>
     <span class='ocr_line' id='line_1_12' title="bbox 596 1925 2007 2032; baseline 0 -30"><span class='ocrx_word' id='word_1_92' title='bbox 596 1925 783 2030; x_wconf 80' lang='lat' dir='ltr'><strong>quominus</strong></span> <span class='ocrx_word' id='word_1_93' title='bbox 814 1934 877 2004; x_wconf 91' lang='lat' dir='ltr'><strong>bas</strong></span> <span class='ocrx_word' id='word_1_94' title='bbox 906 1939 996 2027; x_wconf 83' lang='lat' dir='ltr'><strong>ipsas</strong></span> <span class='ocrx_word' id='word_1_95' title='bbox 1018 1958 1082 2026; x_wconf 88' lang='lat' dir='ltr'><strong>pro</strong></span> <span class='ocrx_word' id='word_1_96' title='bbox 1109 1932 1295 2002; x_wconf 86' lang='lat' dir='ltr'><strong>elementis</strong></span> <span class='ocrx_word' id='word_1_97' title='bbox 1313 1937 1553 2030; x_wconf 82' lang='lat' dir='ltr'><strong>accipiamus,</strong></span> <span class='ocrx_word' id='word_1_98' title='bbox 1581 1937 1830 2032; x_wconf 80' lang='lat' dir='ltr'><strong>reliquasque,</strong></span> <span class='ocrx_word' id='word_1_99' title='bbox 1853 1954 2007 2026; x_wconf 76' lang='lat' dir='ltr'><strong>quarunt</strong></span> 
     </span>
     <span class='ocr_line' id='line_1_13' title="bbox 597 2057 2008 2158; baseline -0.004 -28"><span class='ocrx_word' id='word_1_100' title='bbox 597 2057 784 2130; x_wconf 87' lang='lat' dir='ltr'><strong>multitudo</strong></span> <span class='ocrx_word' id='word_1_101' title='bbox 816 2061 884 2130; x_wconf 87' lang='lat' dir='ltr'><strong>erit</strong></span> <span class='ocrx_word' id='word_1_102' title='bbox 911 2087 953 2158; x_wconf 70' lang='lat' dir='ltr'><strong>r,</strong></span> <span class='ocrx_word' id='word_1_103' title='bbox 986 2057 1189 2146; x_wconf 82' lang='lat' dir='ltr'><strong>adiumento</strong></span> <span class='ocrx_word' id='word_1_104' title='bbox 1219 2061 1470 2155; x_wconf 80' lang='lat' dir='ltr'><strong>aequationem</strong></span> <span class='ocrx_word' id='word_1_105' title='bbox 1501 2057 1793 2130; x_wconf 85' lang='lat' dir='ltr'><strong>conditionalium</strong></span> <span class='ocrx_word' id='word_1_106' title='bbox 1824 2069 2008 2152; x_wconf 86' lang='lat' dir='ltr'><strong>tamqnam</strong></span> 
     </span>
     <span class='ocr_line' id='line_1_14' title="bbox 596 2181 2009 2279; baseline -0.001 -26"><span class='ocrx_word' id='word_1_107' title='bbox 596 2183 795 2254; x_wconf 80' lang='lat' dir='ltr'><strong>functiones</strong></span> <span class='ocrx_word' id='word_1_108' title='bbox 823 2187 960 2254; x_wconf 77' lang='lat' dir='ltr'><strong>illarum</strong></span> <span class='ocrx_word' id='word_1_109' title='bbox 990 2181 1273 2264; x_wconf 83' lang='lat' dir='ltr'><strong>consideremus,</strong></span> <span class='ocrx_word' id='word_1_110' title='bbox 1313 2207 1386 2279; x_wconf 90' lang='lat' dir='ltr'><strong>qno</strong></span> <span class='ocrx_word' id='word_1_111' title='bbox 1415 2199 1521 2276; x_wconf 90' lang='lat' dir='ltr'><strong>paeto</strong></span> <span class='ocrx_word' id='word_1_112' title='bbox 1554 2209 1611 2255; x_wconf 88' lang='lat' dir='ltr'><strong>res</strong></span> <span class='ocrx_word' id='word_1_113' title='bbox 1647 2183 1695 2255; x_wconf 87' lang='lat' dir='ltr'><strong>ad</strong></span> <span class='ocrx_word' id='word_1_114' title='bbox 1729 2183 2009 2276; x_wconf 75' lang='lat' dir='ltr'><strong>suppositionem</strong></span> 
     </span>
     <span class='ocr_line' id='line_1_15' title="bbox 598 2309 1157 2386; baseline -0.002 -6"><span class='ocrx_word' id='word_1_115' title='bbox 598 2325 754 2386; x_wconf 87' lang='lat' dir='ltr'><strong>nostram</strong></span> <span class='ocrx_word' id='word_1_116' title='bbox 785 2309 931 2380; x_wconf 78' lang='lat' dir='ltr'><strong>reducta</strong></span> <span class='ocrx_word' id='word_1_117' title='bbox 960 2313 1038 2382; x_wconf 82' lang='lat' dir='ltr'><strong>erit.</strong></span> <span class='ocrx_word' id='word_1_118' title='bbox 1154 2348 1157 2370; x_wconf 57' lang='grc' dir='ltr'>ι</span> 
     </span>
    </p>
   </div>
   <div class='ocr_carea' id='block_1_5' title="bbox 602 2469 2019 3097">
    <p class='ocr_par' dir='ltr' id='par_1_5' title="bbox 602 2469 2019 3097">
     <span class='ocr_line' id='line_1_16' title="bbox 713 2469 2019 2596; baseline -0.002 -38"><span class='ocrx_word' id='word_1_119' title='bbox 713 2485 850 2558; x_wconf 89' lang='lat' dir='ltr'><strong>Verum</strong></span> <span class='ocrx_word' id='word_1_120' title='bbox 883 2492 977 2560; x_wconf 91' lang='lat' dir='ltr'><strong>enim</strong></span> <span class='ocrx_word' id='word_1_121' title='bbox 1003 2515 1087 2560; x_wconf 88' lang='lat' dir='ltr'><strong>vero</strong></span> <span class='ocrx_word' id='word_1_122' title='bbox 1109 2491 1254 2596; x_wconf 78' lang='lat' dir='ltr'><strong>¹etiamsi</strong></span> <span class='ocrx_word' id='word_1_123' title='bbox 1277 2470 1448 2562; x_wconf 63' lang='lat' dir='ltr'><strong>baconia</strong></span> <span class='ocrx_word' id='word_1_124' title='bbox 1481 2493 1516 2560; x_wconf 92' lang='lat' dir='ltr'><strong>in</strong></span> <span class='ocrx_word' id='word_1_125' title='bbox 1543 2491 1728 2582; x_wconf 80' lang='lat' dir='ltr'><strong>permultis</strong></span> <span class='ocrx_word' id='word_1_126' title='bbox 1758 2487 1895 2558; x_wconf 82' lang='lat' dir='ltr'><strong>casibus</strong></span> <span class='ocrx_word' id='word_1_127' title='bbox 1924 2469 2019 2571; x_wconf 68' lang='lat' dir='ltr'><strong>satis,</strong></span> 
     </span>
     <span class='ocr_line' id='line_1_17' title="bbox 602 2615 2010 2713; baseline -0.003 -23"><span class='ocrx_word' id='word_1_128' title='bbox 602 2615 787 2691; x_wconf 89' lang='lat' dir='ltr'><strong>commode</strong></span> <span class='ocrx_word' id='word_1_129' title='bbox 813 2615 858 2684; x_wconf 89' lang='lat' dir='ltr'><strong>ad</strong></span> <span class='ocrx_word' id='word_1_130' title='bbox 884 2615 987 2683; x_wconf 87' lang='lat' dir='ltr'><strong>linem</strong></span> <span class='ocrx_word' id='word_1_131' title='bbox 1014 2617 1228 2707; x_wconf 87' lang='lat' dir='ltr'><strong>propositum</strong></span> <span class='ocrx_word' id='word_1_132' title='bbox 1258 2617 1450 2709; x_wconf 86' lang='lat' dir='ltr'><strong>perducat,</strong></span> <span class='ocrx_word' id='word_1_133' title='bbox 1480 2621 1607 2686; x_wconf 86' lang='lat' dir='ltr'><strong>¹tamen</strong></span> <span class='ocrx_word' id='word_1_134' title='bbox 1633 2622 1756 2713; x_wconf 82' lang='lat' dir='ltr'><strong>negari</strong></span> <span class='ocrx_word' id='word_1_135' title='bbox 1782 2615 1852 2688; x_wconf 82' lang='lat' dir='ltr'><strong>non</strong></span> <span class='ocrx_word' id='word_1_136' title='bbox 1882 2633 2010 2712; x_wconf 87' lang='lat' dir='ltr'><strong>potest,</strong></span> 
     </span>
     <span class='ocr_line' id='line_1_18' title="bbox 604 2739 2012 2842; baseline -0.001 -29"><span class='ocrx_word' id='word_1_137' title='bbox 604 2767 682 2842; x_wconf 90' lang='lat' dir='ltr'><strong>eam</strong></span> <span class='ocrx_word' id='word_1_138' title='bbox 707 2745 821 2810; x_wconf 83' lang='lat' dir='ltr'><strong>minus</strong></span> <span class='ocrx_word' id='word_1_139' title='bbox 851 2744 1063 2838; x_wconf 82' lang='lat' dir='ltr'><strong>genuinam,</strong></span> <span class='ocrx_word' id='word_1_140' title='bbox 1095 2739 1299 2842; x_wconf 75' lang='lat' dir='ltr'><strong>operaeque</strong></span> <span class='ocrx_word' id='word_1_141' title='bbox 1325 2747 1417 2817; x_wconf 88' lang='lat' dir='ltr'><strong>adeo</strong></span> <span class='ocrx_word' id='word_1_142' title='bbox 1446 2747 1597 2837; x_wconf 89' lang='lat' dir='ltr'><strong>pretinm</strong></span> <span class='ocrx_word' id='word_1_143' title='bbox 1630 2767 1726 2822; x_wconf 88' lang='lat' dir='ltr'><strong>esse,</strong></span> <span class='ocrx_word' id='word_1_144' title='bbox 1765 2745 1946 2838; x_wconf 81' lang='lat' dir='ltr'><strong>problema</strong></span> <span class='ocrx_word' id='word_1_145' title='bbox 1976 2748 2012 2814; x_wconf 89' lang='lat' dir='ltr'><strong>in</strong></span> 
     </span>
     <span class='ocr_line' id='line_1_19' title="bbox 605 2855 2013 2968; baseline 0.001 -30"><span class='ocrx_word' id='word_1_146' title='bbox 605 2871 670 2939; x_wconf 88' lang='lat' dir='ltr'><strong>ista</strong></span> <span class='ocrx_word' id='word_1_147' title='bbox 692 2855 804 2937; x_wconf 83' lang='lat' dir='ltr'><strong>altera</strong></span> <span class='ocrx_word' id='word_1_148' title='bbox 831 2862 942 2934; x_wconf 84' lang='lat' dir='ltr'><strong>forma</strong></span> <span class='ocrx_word' id='word_1_149' title='bbox 974 2868 1120 2938; x_wconf 79' lang='lat' dir='ltr'><strong>seorsim</strong></span> <span class='ocrx_word' id='word_1_150' title='bbox 1146 2882 1318 2953; x_wconf 87' lang='lat' dir='ltr'><strong>tractare,</strong></span> <span class='ocrx_word' id='word_1_151' title='bbox 1339 2883 1511 2968; x_wconf 88' lang='lat' dir='ltr'><strong>tantoque</strong></span> <span class='ocrx_word' id='word_1_152' title='bbox 1534 2871 1665 2965; x_wconf 86' lang='lat' dir='ltr'><strong>magis,</strong></span> <span class='ocrx_word' id='word_1_153' title='bbox 1687 2871 1785 2965; x_wconf 91' lang='lat' dir='ltr'><strong>quod</strong></span> <span class='ocrx_word' id='word_1_154' title='bbox 1801 2871 2013 2941; x_wconf 88' lang='lat' dir='ltr'><strong>solutionem</strong></span> 
     </span>
     <span class='ocr_line' id='line_1_20' title="bbox 605 2972 2014 3097; baseline 0.001 -35"><span class='ocrx_word' id='word_1_155' title='bbox 605 2995 872 3091; x_wconf 72' lang='lat' dir='ltr'><strong>perelegantem</strong></span> <span class='ocrx_word' id='word_1_156' title='bbox 900 2991 1062 3090; x_wconf 82' lang='lat' dir='ltr'><strong>admittit.</strong></span> <span class='ocrx_word' id='word_1_157' title='bbox 1114 2992 1208 3095; x_wconf 76' lang='lat' dir='ltr'><strong>Quin</strong></span> <span class='ocrx_word' id='word_1_158' title='bbox 1225 2972 1335 3081; x_wconf 89' lang='lat' dir='ltr'><strong>adeo,</strong></span> <span class='ocrx_word' id='word_1_159' title='bbox 1359 2987 1466 3097; x_wconf 82' lang='lat' dir='ltr'><strong>quum</strong></span> <span class='ocrx_word' id='word_1_160' title='bbox 1490 2996 1581 3069; x_wconf 87' lang='lat' dir='ltr'><strong>baec</strong></span> <span class='ocrx_word' id='word_1_161' title='bbox 1604 2998 1733 3068; x_wconf 88' lang='lat' dir='ltr'><strong>solutio</strong></span> <span class='ocrx_word' id='word_1_162' title='bbox 1757 3020 1851 3067; x_wconf 87' lang='lat' dir='ltr'><strong>nona</strong></span> <span class='ocrx_word' id='word_1_163' title='bbox 1876 2995 2014 3074; x_wconf 85' lang='lat' dir='ltr'><strong>adoal-</strong></span> 
     </span>
    </p>
   </div>
   <div class='ocr_carea' id='block_1_6' title="bbox 470 3115 2162 3348">
    <p class='ocr_par' dir='ltr' id='par_1_6' title="bbox 470 3115 2162 3348">
     <span class='ocr_line' id='line_1_21' title="bbox 470 3115 2013 3226; baseline 0.006 -44"><span class='ocrx_word' id='word_1_164' title='bbox 470 3217 485 3226; x_wconf 71' lang='lat'><em>,</em></span> <span class='ocrx_word' id='word_1_165' title='bbox 606 3120 706 3190; x_wconf 82' lang='lat' dir='ltr'><strong>culos</strong></span> <span class='ocrx_word' id='word_1_166' title='bbox 725 3117 969 3220; x_wconf 81' lang='lat' dir='ltr'><strong>expeditiores</strong></span> <span class='ocrx_word' id='word_1_167' title='bbox 993 3116 1183 3210; x_wconf 87' lang='lat' dir='ltr'><strong>perducat,</strong></span> <span class='ocrx_word' id='word_1_168' title='bbox 1207 3149 1312 3219; x_wconf 84' lang='lat' dir='ltr'><strong>qrram</strong></span> <span class='ocrx_word' id='word_1_169' title='bbox 1330 3128 1458 3196; x_wconf 88' lang='lat' dir='ltr'><strong>solutio</strong></span> <span class='ocrx_word' id='word_1_170' title='bbox 1475 3121 1703 3215; x_wconf 82' lang='lat' dir='ltr'><strong>problematis</strong></span> <span class='ocrx_word' id='word_1_171' title='bbox 1728 3127 1764 3193; x_wconf 90' lang='lat' dir='ltr'><strong>in</strong></span> <span class='ocrx_word' id='word_1_172' title='bbox 1785 3115 1877 3193; x_wconf 82' lang='lat' dir='ltr'><strong>&#39;statu</strong></span> <span class='ocrx_word' id='word_1_173' title='bbox 1893 3127 2013 3217; x_wconf 88' lang='lat' dir='ltr'><strong>priori,</strong></span> 
     </span>
     <span class='ocr_line' id='line_1_22' title="bbox 486 3245 2162 3348; baseline 0.001 -31"><span class='ocrx_word' id='word_1_174' title='bbox 486 3250 491 3258; x_wconf 90' lang='lat'>&#39;</span> <span class='ocrx_word' id='word_1_175' title='bbox 608 3245 748 3340; x_wconf 77' lang='lat' dir='ltr'><strong>quoties</strong></span> <span class='ocrx_word' id='word_1_176' title='bbox 773 3269 795 3318; x_wconf 88' lang='grc' dir='ltr'><em>σ</em></span> <span class='ocrx_word' id='word_1_177' title='bbox 818 3255 871 3310; x_wconf 88' lang='lat' dir='ltr'><strong>est</strong></span> <span class='ocrx_word' id='word_1_178' title='bbox 896 3246 1009 3312; x_wconf 88' lang='lat' dir='ltr'><strong>minor</strong></span> <span class='ocrx_word' id='word_1_179' title='bbox 1033 3268 1138 3338; x_wconf 88' lang='lat' dir='ltr'><strong>quem</strong></span> <span class='ocrx_word' id='word_1_180' title='bbox 1162 3254 1249 3342; x_wconf 61' lang='lat' dir='ltr'><strong>¹iar,</strong></span> <span class='ocrx_word' id='word_1_181' title='bbox 1282 3253 1361 3320; x_wconf 90' lang='lat' dir='ltr'><strong>sine</strong></span> <span class='ocrx_word' id='word_1_182' title='bbox 1388 3247 1606 3348; x_wconf 82' lang='lat' dir='ltr'><strong>quodidem</strong></span> <span class='ocrx_word' id='word_1_183' title='bbox 1636 3263 1707 3328; x_wconf 87' lang='lat' dir='ltr'><strong>est,</strong></span> <span class='ocrx_word' id='word_1_184' title='bbox 1735 3252 1876 3346; x_wconf 84' lang='lat' dir='ltr'><strong>quoties</strong></span> <span class='ocrx_word' id='word_1_185' title='bbox 1901 3253 2016 3320; x_wconf 89' lang='lat' dir='ltr'><strong>multi·</strong></span> <span class='ocrx_word' id='word_1_186' title='bbox 2092 3315 2096 3327; x_wconf 82' lang='grc'>,</span> <span class='ocrx_word' id='word_1_187' title='bbox 2161 3289 2162 3336; x_wconf 71' lang='grc'><strong>;</strong></span> 
     </span>
    </p>
   </div>
   <div class='ocr_carea' id='block_1_7' title="bbox 482 3361 2162 3979">
    <p class='ocr_par' dir='ltr' id='par_1_7' title="bbox 482 3361 2162 3979">
     <span class='ocr_line' id='line_1_23' title="bbox 608 3361 2018 3479; baseline 0.008 -40"><span class='ocrx_word' id='word_1_188' title='bbox 608 3368 700 3470; x_wconf 90' lang='lat' dir='ltr'><strong>tudo</strong></span> <span class='ocrx_word' id='word_1_189' title='bbox 732 3361 989 3473; x_wconf 83' lang='lat' dir='ltr'><strong>elementorum</strong></span> <span class='ocrx_word' id='word_1_190' title='bbox 1020 3373 1055 3439; x_wconf 91' lang='lat' dir='ltr'><strong>in</strong></span> <span class='ocrx_word' id='word_1_191' title='bbox 1089 3373 1388 3449; x_wconf 77' lang='lat' dir='ltr'><strong>commentatione</strong></span> <span class='ocrx_word' id='word_1_192' title='bbox 1418 3365 1625 3470; x_wconf 77' lang='lat' dir='ltr'><strong>priort&#39;per</strong></span> <span class='ocrx_word' id='word_1_193' title='bbox 1658 3405 1679 3479; x_wconf 79' lang='lat' dir='ltr'><strong>p</strong></span> <span class='ocrx_word' id='word_1_194' title='bbox 1707 3378 1874 3448; x_wconf 84' lang='lat' dir='ltr'><strong>denotata</strong></span> <span class='ocrx_word' id='word_1_195' title='bbox 1905 3379 2018 3444; x_wconf 78' lang='lat' dir='ltr'><strong>maior</strong></span> 
     </span>
     <span class='ocr_line' id='line_1_24' title="bbox 482 3495 2020 3601; baseline -0.005 -23"><span class='ocrx_word' id='word_1_196' title='bbox 482 3499 517 3578; x_wconf 77' lang='lat'><strong>.&#39;</strong></span> <span class='ocrx_word' id='word_1_197' title='bbox 610 3510 665 3567; x_wconf 86' lang='lat' dir='ltr'><strong>est</strong></span> <span class='ocrx_word' id='word_1_198' title='bbox 690 3517 798 3588; x_wconf 86' lang='lat' dir='ltr'><strong>quam</strong></span> <span class='ocrx_word' id='word_1_199' title='bbox 837 3497 920 3585; x_wconf 62' lang='lat' dir='ltr'><strong>{ets</strong></span> <span class='ocrx_word' id='word_1_200' title='bbox 955 3495 1167 3600; x_wconf 73' lang='lat' dir='ltr'><strong>solutionem</strong></span> <span class='ocrx_word' id='word_1_201' title='bbox 1201 3527 1350 3598; x_wconf 87' lang='lat' dir='ltr'><strong>nouam,</strong></span> <span class='ocrx_word' id='word_1_202' title='bbox 1386 3527 1492 3601; x_wconf 86' lang='lat' dir='ltr'><strong>qnam</strong></span> <span class='ocrx_word' id='word_1_203' title='bbox 1525 3505 1561 3573; x_wconf 90' lang='lat' dir='ltr'><strong>in</strong></span> <span class='ocrx_word' id='word_1_204' title='bbox 1593 3504 1888 3574; x_wconf 87' lang='lat' dir='ltr'><strong>commentatione</strong></span> <span class='ocrx_word' id='word_1_205' title='bbox 1919 3527 2020 3595; x_wconf 86' lang='lat' dir='ltr'><strong>prae·</strong></span> 
     </span>
     <span class='ocr_line' id='line_1_25' title="bbox 611 3619 2019 3734; baseline 0.004 -41"><span class='ocrx_word' id='word_1_206' title='bbox 611 3636 711 3693; x_wconf 83' lang='lat' dir='ltr'><strong>sente</strong></span> <span class='ocrx_word' id='word_1_207' title='bbox 737 3619 1013 3714; x_wconf 81' lang='lat' dir='ltr'><strong>explicabimus,</strong></span> <span class='ocrx_word' id='word_1_208' title='bbox 1050 3627 1174 3734; x_wconf 78' lang='lat' dir='ltr'><strong>intuli</strong></span> <span class='ocrx_word' id='word_1_209' title='bbox 1208 3649 1301 3698; x_wconf 85' lang='lat' dir='ltr'><strong>caen.</strong></span> <span class='ocrx_word' id='word_1_210' title='bbox 1321 3627 1502 3721; x_wconf 87' lang='lat' dir='ltr'><strong>praeferre</strong></span> <span class='ocrx_word' id='word_1_211' title='bbox 1535 3637 1726 3702; x_wconf 82' lang='lat' dir='ltr'><strong>conueniet</strong></span> <span class='ocrx_word' id='word_1_212' title='bbox 1752 3629 1881 3720; x_wconf 84' lang='lat' dir='ltr'><strong>priori,</strong></span> <span class='ocrx_word' id='word_1_213' title='bbox 1911 3630 2019 3724; x_wconf 87' lang='lat' dir='ltr'><strong>siqui·</strong></span> 
     </span>
     <span class='ocr_line' id='line_1_26' title="bbox 609 3733 2162 3849; baseline -0.002 -30"><span class='ocrx_word' id='word_1_214' title='bbox 609 3749 691 3826; x_wconf 85' lang='lat' dir='ltr'><strong>dem</strong></span> <span class='ocrx_word' id='word_1_215' title='bbox 719 3739 950 3845; x_wconf 80' lang='lat' dir='ltr'><strong>aequationes</strong></span> <span class='ocrx_word' id='word_1_216' title='bbox 979 3750 1237 3824; x_wconf 85' lang='lat' dir='ltr'><strong>conditionales</strong></span> <span class='ocrx_word' id='word_1_217' title='bbox 1271 3778 1293 3824; x_wconf 89' lang='lat' dir='ltr'><strong>e</strong></span> <span class='ocrx_word' id='word_1_218' title='bbox 1323 3733 1552 3849; x_wconf 85' lang='lat' dir='ltr'><strong>problematis</strong></span> <span class='ocrx_word' id='word_1_219' title='bbox 1583 3755 1704 3828; x_wconf 89' lang='lat' dir='ltr'><strong>indole</strong></span> <span class='ocrx_word' id='word_1_220' title='bbox 1732 3750 1867 3848; x_wconf 84' lang='lat' dir='ltr'><strong>absquo</strong></span> <span class='ocrx_word' id='word_1_221' title='bbox 1904 3755 2022 3824; x_wconf 88' lang='lat' dir='ltr'><strong>amba·</strong></span> <span class='ocrx_word' id='word_1_222' title='bbox 2161 3805 2162 3816; x_wconf 70' lang='grc'>,</span> 
     </span>
     <span class='ocr_line' id='line_1_27' title="bbox 610 3847 2094 3979; baseline 0.002 -30"><span class='ocrx_word' id='word_1_223' title='bbox 610 3877 712 3979; x_wconf 81' lang='lat' dir='ltr'><strong>gibus</strong></span> <span class='ocrx_word' id='word_1_224' title='bbox 734 3878 946 3971; x_wconf 87' lang='lat' dir='ltr'><strong>depromere</strong></span> <span class='ocrx_word' id='word_1_225' title='bbox 981 3877 1077 3950; x_wconf 89' lang='lat' dir='ltr'><strong>licet.</strong></span> <span class='ocrx_word' id='word_1_226' title='bbox 1373 3867 1377 3878; x_wconf 70' lang='grc'>’</span> <span class='ocrx_word' id='word_1_227' title='bbox 2090 3847 2094 3862; x_wconf 46' lang='lat'>&#39;</span> 
     </span>
    </p>
   </div>
   <div class='ocr_carea' id='block_1_8' title="bbox 609 4243 2029 4628">
    <p class='ocr_par' dir='ltr' id='par_1_8' title="bbox 609 4243 2029 4628">
     <span class='ocr_line' id='line_1_28' title="bbox 676 4243 2029 4380; baseline 0.001 -34"><span class='ocrx_word' id='word_1_228' title='bbox 676 4354 684 4380; x_wconf 43' lang='lat'>‚</span> <span class='ocrx_word' id='word_1_229' title='bbox 720 4269 968 4370; x_wconf 80' lang='lat' dir='ltr'><strong>‚Designemns</strong></span> <span class='ocrx_word' id='word_1_230' title='bbox 988 4297 1054 4366; x_wconf 83' lang='lat' dir='ltr'><strong>per</strong></span> <span class='ocrx_word' id='word_1_231' title='bbox 1082 4301 1121 4355; x_wconf 78' lang='lat' dir='ltr'><strong>v,</strong></span> <span class='ocrx_word' id='word_1_232' title='bbox 1141 4271 1184 4354; x_wconf 77' lang='grc' dir='ltr'><strong>ν’,</strong></span> <span class='ocrx_word' id='word_1_233' title='bbox 1209 4267 1250 4346; x_wconf 80' lang='grc' dir='ltr'><strong>ν”</strong></span> <span class='ocrx_word' id='word_1_234' title='bbox 1271 4243 1342 4345; x_wconf 85' lang='lat' dir='ltr'><strong>etc.</strong></span> <span class='ocrx_word' id='word_1_235' title='bbox 1366 4281 1598 4372; x_wconf 86' lang='lat' dir='ltr'><strong>quantitates,</strong></span> <span class='ocrx_word' id='word_1_236' title='bbox 1613 4247 1844 4350; x_wconf 75' lang='lat' dir='ltr'><strong>&#39;multitudino</strong></span> <span class='ocrx_word' id='word_1_237' title='bbox 1861 4298 1912 4358; x_wconf 75' lang='grc' dir='ltr'><strong>π,</strong></span> <span class='ocrx_word' id='word_1_238' title='bbox 1942 4300 2029 4372; x_wconf 88' lang='lat' dir='ltr'><strong>qua·</strong></span> 
     </span>
     <span class='ocr_line' id='line_1_29' title="bbox 609 4383 2028 4501; baseline -0.001 -27"><span class='ocrx_word' id='word_1_239' title='bbox 609 4425 686 4474; x_wconf 86' lang='lat' dir='ltr'><strong>rum</strong></span> <span class='ocrx_word' id='word_1_240' title='bbox 721 4399 860 4469; x_wconf 78' lang='lat' dir='ltr'><strong>valeres</strong></span> <span class='ocrx_word' id='word_1_241' title='bbox 893 4420 958 4490; x_wconf 90' lang='lat' dir='ltr'><strong>per</strong></span> <span class='ocrx_word' id='word_1_242' title='bbox 988 4399 1278 4474; x_wconf 88' lang='lat' dir='ltr'><strong>obseruationem</strong></span> <span class='ocrx_word' id='word_1_243' title='bbox 1307 4407 1549 4490; x_wconf 88' lang='lat' dir='ltr'><strong>innotescunt,</strong></span> <span class='ocrx_word' id='word_1_244' title='bbox 1585 4383 1813 4501; x_wconf 81' lang='lat' dir='ltr'><strong>pendeatque</strong></span> <span class='ocrx_word' id='word_1_245' title='bbox 1848 4405 2028 4496; x_wconf 85' lang='lat' dir='ltr'><strong>quantitas</strong></span> 
     </span>
     <span class='ocr_line' id='line_1_30' title="bbox 613 4521 2027 4628; baseline 0.004 -32"><span class='ocrx_word' id='word_1_246' title='bbox 613 4525 791 4624; x_wconf 78' lang='lat' dir='ltr'><strong>incognita</strong></span> <span class='ocrx_word' id='word_1_247' title='bbox 814 4521 859 4594; x_wconf 88' lang='lat' dir='ltr'><strong>ab</strong></span> <span class='ocrx_word' id='word_1_248' title='bbox 886 4521 954 4594; x_wconf 89' lang='lat' dir='ltr'><strong>illis</strong></span> <span class='ocrx_word' id='word_1_249' title='bbox 978 4528 1040 4597; x_wconf 87' lang='lat' dir='ltr'><strong>tali</strong></span> <span class='ocrx_word' id='word_1_250' title='bbox 1067 4527 1191 4613; x_wconf 86' lang='lat' dir='ltr'><strong>modo,</strong></span> <span class='ocrx_word' id='word_1_251' title='bbox 1220 4546 1256 4604; x_wconf 88' lang='lat' dir='ltr'><strong>vt</strong></span> <span class='ocrx_word' id='word_1_252' title='bbox 1279 4533 1581 4628; x_wconf 80' lang='lat' dir='ltr'><strong>perfunctionem</strong></span> <span class='ocrx_word' id='word_1_253' title='bbox 1607 4533 1727 4614; x_wconf 84' lang='lat' dir='ltr'><strong>datam</strong></span> <span class='ocrx_word' id='word_1_254' title='bbox 1752 4531 1910 4613; x_wconf 86' lang='lat' dir='ltr'><strong>illarum,</strong></span> <span class='ocrx_word' id='word_1_255' title='bbox 1940 4545 2027 4624; x_wconf 83' lang='lat' dir='ltr'><strong>pute</strong></span> 
     </span>
    </p>
   </div>
   <div class='ocr_carea' id='block_1_9' title="bbox 0 0 2223 5524">
    <p class='ocr_par' dir='ltr' id='par_1_9' title="bbox 0 0 2223 5524">
     <span class='ocr_line' id='line_1_31' title="bbox 0 0 2223 5524; baseline 0 0"><span class='ocrx_word' id='word_1_256' title='bbox 0 0 2223 5524; x_wconf 95' lang='lat' dir='ltr'><strong> </strong></span> 
     </span>
    </p>
   </div>
  </div>
 </body>
</html>
