4394 5548
180 1153 1016 1438 orsonrsrrrottas
1075 1129 1677 1388 cereastes

807 1523 1036 1593 ctttcA

382 1741 1007 1954 ‚serraricum
1084 1653 1469 1893 cervas

784 2096 1068 2174 suenone

367 2217 671 2377 canoto
758 2289 1175 2396 rssrnassroo
1263 2271 1503 2383 GAUSS.
1597 2255 1604 2274 '

250 2467 255 2474 '
303 2472 562 2542 somerset
606 2475 787 2524 nectas
832 2477 1050 2524 onnam
1095 2477 1131 2524 o.
1173 2471 1205 2531 8.
1242 2451 1402 2526 ocr'oe.
1446 2469 1561 2534 1827.
1652 2461 1658 2474 ⁸

644 2674 1243 2708 ψ’

924 2917 962 2992 1.

223 3029 557 3201 Disquisitiones,
592 3101 632 3168 in‘
664 3093 793 3193 quibus
824 3094 872 3168 de
901 3095 1174 3169 directionibus·
1193 3097 1370 3167 variarum
1403 3111 1579 3174 rectarum
1612 3107 1649 3176 in

224 3235 339 3325 spatio
363 3233 499 3329 agitne,
531 3227 745 3321 plerumque
773 3225 820 3296 ad
844 3223 958 3300 mains
980 3224 1245 3322 perspicuitatis
1269 3237 1306 3294 et
1329 3213 1566 3320 simplicitatis
1599 3231 1650 3303 fa·

224 3359 369 3454 stigium
411 3354 631 3435 euehuntur,
670 3357 706 3423 in
739 3353 915 3427 auxilium
958 3351 1120 3428 vocando
1161 3351 1388 3447 superficiem
1425 3355 1648 3449 sphaericam
1746 3367 1748 3373 ’
1834 3343 1842 3346 ’

197 3478 393 3555 radio:
430 3497 450 3562 1
488 3484 583 3553 circa
623 3494 784 3552 centrum
818 3483 1042 3587 arbitrarium
1073 3477 1309 3576 descriptam,
1360 3484 1462 3554 cuius
1508 3487 1649 3584 singula

226 3621 360 3704 puncta
397 3621 667 3703 repraesentare
707 3606 948 3678 censebuntur
986 3605 1205 3680 directiones
1243 3615 1422 3683 rectoriam
1459 3608 1568 3680 radiis
1606 3611 1653 3683 ad

227 3741 289 3811 illa
317 3741 514 3811 terminatis
535 3735 802 3831 parallelorum.
852 3729 951 3806 Dum
978 3736 1065 3805 situs
1098 3733 1256 3807 omnium
1280 3735 1555 3831 punctorum'in
1577 3765 1656 3834 spa·

227 3873 277 3941 tio
302 3893 368 3964 per
398 3849 478 3941 tres¹
496 3865 721 3939 coordinatas
746 3863 1028 3944 determinatur,
1067 3877 1153 3957 puta
1184 3847 1250 3959 per
1281 3865 1466 3935 distantias
1496 3889 1516 3932 a
1542 3867 1656 3938 tribus

228 3999 346 4093 planis
371 3974 454 4068 fiatis
476 3997 569 4066 inter
599 4019 639 4064 se
663 3969 900 4073 normalibus,
935 3969 1018 4060 ante
1049 3993 1169 4062 omnia
1200 3989 1480 4080 considerandae
1509 3999 1656 4084 veniunt

220 4126 446 4197 wdirectiones
467 4127 597 4196 axium
629 4122 684 4194 his
712 4089 838 4215 planis,
861 4120 1092 4190 normalium:
1133 4134 1266 4213 puncta
1300 4118 1501 4214 superficiei
1529 4124 1658 4216 sphae-

230 4257 347 4343 ricae,
383 4265 475 4349 quae
506 4251 571 4326 has
594 4249 811 4322 directiones
844 4259 1142 4342 repraesentant,
1167 4268 1233 4339 per
1262 4249 1340 4338 (1),
1364 4243 1441 4341 (Q),
1465 4247 1521 4344 (3)
1547 4248 1658 4320 dano.

30 4403 32 4410 ‘
170 4401 175 4416 ¹
231 4382 404 4463 tabimus3
447 4393 568 4450 mutua
602 4379 710 4478 igitur
748 4377 876 4478 lacrum
912 4373 1080 4486 distantia
1117 4379 1186 4446 erit
1226 4355 1414 4470 quadrans.
1487 4373 1656 4448 Ceterum

233 4511 352 4581 axium
386 4506 602 4578 directiones
639 4531 762 4578 versus
793 4528 854 4576 eas
885 4517 1007 4598 partes
1045 4516 1212 4597 acceptas
1242 4495 1501 4598 supponemus,
1538 4527 1658 4574 versus

233 4665 321 4740 quas
344 4635 572 4726 coordinatae
598 4635 855 4732 respondentes
877 4646 1054 4706 crescunt.

1241 4723 1368 4841 Aa
