4372 5532
273 553 632 620 SUPPLEMENTUM
675 557 895 620 Tnaoatte
937 552 1286 620 COMBlNATlONlS
1316 579 1397 622 erc.
1503 553 1555 628 31

253 725 303 796 lt.
352 723 498 794 Summa
531 727 636 796 trium
671 727 926 826 angulorum
916 751 953 796 ru
992 727 1120 819 quouis
1151 725 1329 826 triangulo
1367 735 1555 825 quantitati

136 853 244 923 datae
270 850 429 946 aequalis
453 863 518 930 est,
546 875 667 946 quum,
691 855 832 949 quoties
856 851 1070 949 triangulum
1089 863 1143 919 est
1167 853 1201 920 in
1220 854 1409 945 superficie
1433 883 1552 950 curua,

137 1001 325 1051 excessum
352 976 447 1044 illius
478 999 637 1046 summae
666 1001 773 1070 supra
791 949 887 1046 duos
914 991 1033 1046 rectos
1053 989 1125 1046 tam
1153 993 1321 1050 accurate
1347 999 1553 1077 computare

133 1105 263 1184 liceat,
305 1115 342 1172 vt
367 1123 431 1193 pro
458 1100 619 1172 absolute
643 1119 775 1176 exacto
801 1103 926 1178 haberi
950 1107 1074 1198 possit.

249 1253 312 1323 lll.
364 1245 463 1321 Fons
487 1256 612 1323 tertius
634 1271 691 1328 est
716 1263 807 1330 ratio
835 1260 985 1329 laterum
1014 1263 1047 1329 in
1072 1262 1256 1359 triangulis
1274 1275 1434 1332 catenam
1455 1263 1549 1334 clau·

134 1405 208 1450 sam
236 1377 475 1449 formantibus.
534 1380 684 1454 Scilicet
712 1388 744 1455 si
775 1389 886 1456 series
916 1365 1172 1484 triangulorum
1208 1391 1256 1457 ite
1282 1411 1376 1456 nexa
1404 1401 1479 1473 est,
1514 1403 1553 1459 vt

135 1505 328 1576 seeundum
356 1506 571 1600 triangulum
595 1507 728 1582 babeat
751 1514 844 1581 latus
871 1533 974 1581 vnum
1002 1538 1027 1582 a
1051 1537 1238 1583 commune
1263 1537 1344 1582 curn
1373 1515 1550 1610 triangulo

135 1637 269 1726 primo,
326 1627 424 1699 aliud
461 1629 483 1698 b
526 1656 607 1702 cunr
641 1639 771 1723 tertio;
813 1637 962 1730 pet-inde
1009 1653 1173 1734 quartum
1208 1638 1424 1735 triangulum
1471 1659 1552 1708 cum

134 1761 239 1828 tertio
268 1757 400 1830 babent
425 1756 517 1827 latus
547 1783 798 1842 communen,
824 1786 905 1832 curn
938 1762 1065 1859 quinto
1094 1763 1187 1832 latus
1210 1785 1400 1834 commune
1429 1763 1474 1842 d,
1515 1775 1552 1830 et

135 1889 182 1956 sic
202 1911 306 1980 porro
329 1903 441 1980 nsque
471 1882 517 1954 ad
545 1886 705 1956 altimum
732 1889 966 1984 triangulum.
1001 1891 1162 1958 cuicum
1190 1887 1430 1979 praecedente
1458 1889 1551 1958 latus

135 2035 319 2084 commune
344 2014 391 2081 sit
416 2009 458 2086 b,
483 2022 622 2080 etcum
646 2013 825 2110 triangulo
854 2013 967 2104 primo
994 2035 1115 2082 rursus
1136 2013 1229 2083 latus
1248 2015 1282 2096 l,
1305 2015 1443 2088 volones
1464 2037 1550 2111 quo-

134 2161 398 2330 nentium}
434 2132 501 2336 ἒ,
517 2160 600 2332 ΜΞ·
637 2139 739 2334 ἕ.
727 2255 802 2281 ....
839 2139 909 2334 {a
963 2209 1184 2279 innotescent
1207 2231 1301 2302 resp.
1325 2231 1346 2278 e
1368 2206 1460 2279 binis
1489 2231 1548 2279 en·

133 2390 224 2485 gnlis
255 2390 510 2486 triangulorum
538 2396 841 2470 successiuorum‚
883 2388 1055 2460 luteribus
1087 2382 1333 2458 communibus
1363 2391 1545 2480 oppositis,

133 2536 197 2604 per
218 2513 405 2616 methodos
426 2530 549 2599 notas,
577 2517 670 2588 vnde
698 2540 807 2614 quum
836 2515 1047 2608 productum
1071 2515 1211 2584 illarum
1234 2509 1448 2600 fractionum
1465 2513 1543 2586 lieri

133 2635 261 2708 debeat
285 2663 325 2708 =
351 2653 393 2722 1,
420 2643 576 2734 prodibit
598 2647 764 2740 aequatio
794 2642 1043 2714 conditionalis
1069 2643 1163 2712 inter
1188 2639 1284 2706 sinus
1310 2639 1467 2708 illorum'
1485 2663 1545 2710 an·

132 2761 311 2856 gulorum‚
341 2767 460 2858 (perte
495 2771 600 2839 tertia
631 2791 803 2842 excessus
836 2769 1013 2864 sphaerici
1039 2766 1098 2837 vel
1124 2763 1387 2859 sphaeroidici,
1417 2769 1448 2838 si
1488 2772 1549 2840 tri-
1623 2757 1629 2765 ⁵

134 2890 258 2986 angula
283 2903 365 2960 eunt
387 2895 422 2963 in
445 2894 633 2988 superlicio
661 2921 791 2978 curua,
813 2917 910 2988 resp.
932 2893 1214 2984 diminutor-um).

241 3061 413 3139 Ceterum
437 3073 473 3142 in
504 3071 756 3164 systematibns
783 3070 1039 3168 triangulorum
1065 3069 1391 3163 complicatioribus
1413 3075 1543 3167 saepis·

133 3191 217 3260 sime
251 3192 401 3276 accidit,
433 3209 472 3266 vt
499 3202 732 3292 aequationes
764 3196 1022 3271 conditionales
1057 3209 1132 3265 tum
1167 3193 1313 3269 secundi
1344 3209 1419 3266 tum
1446 3201 1542 3269 tertii

132 3323 268 3414 generis
302 3323 423 3412 plures
461 3343 500 3390 se
529 3321 703 3407 offerant,
739 3350 846 3423 quam
873 3309 1033 3395 retinere
1064 3321 1116 3392 fas
1147 3337 1221 3409 est,
1260 3326 1428 3417 quoniam
1460 3347 1543 3416 pars

133 3469 248 3516 eorum
275 3449 310 3516 in
334 3449 481 3544 reliquis
507 3449 575 3516 iam
602 3462 769 3520 contenta
795 3464 863 3522 est.
915 3447 1044 3535 Contra
1073 3452 1186 3520 rarior
1218 3449 1286 3519 erit
1315 3471 1437 3530 casus,
1480 3448 1541 3520 vbi

131 3575 397 3672 aequationibus
420 3573 716 3645 conditionalibus
738 3574 885 3646 secundi
920 3577 1064 3670 generis
1086 3575 1282 3672 adiungere
1317 3585 1460 3664 oportet
1485 3599 1543 3644 ae·
1652 3571 1654 3576 ’

132 3702 314 3796 quationes
338 3702 472 3770 similes
497 3700 544 3771 ad
565 3701 695 3799 figuras
728 3703 883 3798 plurium
911 3700 1061 3768 laterum
1088 3711 1310 3792 spectantes,
1342 3711 1431 3788 puta
1457 3713 1541 3772 tuno

129 3839 283 3907 tantum,
307 3826 365 3896 vbi
391 3831 570 3927 polygnna
590 3827 805 3908 formantur,
833 3829 869 3896 in
889 3824 1065 3922 triangula
1087 3847 1155 3916 per
1166 3823 1447 3894 mensurationes
1467 3848 1539 3895 non

132 3951 255 4023 diuisa.
305 3951 380 4022 Sed
406 3953 453 4024 de
479 3955 536 4027 bis
558 3956 666 4028 rebus
692 3953 737 4024 ab
765 3951 922 4024 instituto
947 3964 1135 4043 praesente
1160 3951 1263 4019 nimis
1289 3946 1433 4029 alienis,
1472 3951 1541 4021 alia

131 4081 312 4148 occasione
342 4077 454 4152 fusius
477 4104 636 4179 agemus.
707 4079 859 4150 Silentia
891 4092 1019 4147 tamen.
1042 4079 1236 4169 praeterire
1264 4097 1334 4144 non
1357 4099 1541 4168 possumus

34 4277 38 4290 ,
129 4205 318 4290 monitum,
344 4205 441 4302 qnod
463 4206 602 4278 theoria
626 4223 764 4288 nostre,
796 4209 826 4278 si
853 4204 1046 4300 applicatio
1074 4226 1162 4296 pura
1189 4214 1299 4298 atque
1321 4203 1539 4299 rigorose-in

129 4333 215 4400 votis
238 4344 311 4412 est,
337 4335 523 4426 supponit,
558 4337 774 4432 quantitates
802 4355 931 4428 perv,
956 4321 1159 4434 v'sv‘setc.
1185 4328 1386 4424 designatas
1412 4354 1540 4404 reuera

127 4455 181 4522 vel
207 4454 412 4527 immediate
444 4459 653 4533 obseruatus
683 4481 782 4540 esse,
819 4458 878 4530 vel
908 4479 959 4528 ex
987 4453 1293 4528 obseruationibus
1317 4458 1365 4525 ita
1401 4455 1540 4530 deriua-

125 4591 194 4660 tas,
222 4595 261 4649 vt
291 4583 383 4653 inter
415 4608 454 4654 se
488 4581 771 4678 independentes
804 4596 996 4669 maneant,
1033 4583 1093 4654 vel
1124 4583 1250 4655 saltem
1280 4580 1371 4651 tales
1397 4587 1535 4655 censeri
