4394 5548
187 547 540 680 msQursmones
582 587 834 652 uenenatas
876 567 1003 653 cmm
1046 570 1322 654 snrrnnons
1366 609 1449 656 asc.
1546 579 1600 662 tr

302 747 469 834 Ceterum
481 757 582 858 quod
608 761 736 830 attinet
760 755 1103 858 adintegrationem
1129 719 1239 854 ipsam
1261 762 1512 857 aequationum
1531 763 1601 854 (5),

191 893 266 991 (6),
299 903 458 972 constat,
492 899 574 957 eam
599 885 724 972 reduei
746 909 848 979 posse
884 884 934 956 ad'
961 889 1233 983 integrationem
1262 887 1513 984 aequationum
1538 887 1604 960 dit·

190 1007 435 1094 ferentialium'
459 1016 679 1113 vulgarium,
706 1033 809 1112 ‘quae
831 1029 955 1090 tanen
975 1015 1188 1110 plerumque
1211 1025 1283 1086 tam
1307 1014 1493 1083 intricatae
1521 1039 1604 1086 eua-

11 1237 13 1244 ⁴
143 1166 147 1174 ·
189 1144 297 1226 dunt,
331 1157 369 1214 vt
396 1167 520 1238 parum
553 1142 642 1212 lueri
678 1139 760 1212 inde
802 1140 990 1226 redundet.
1054 1135 1184 1210 Contra
1217 1140 1375 1211 euolutio
1407 1142 1444 1208 in
1479 1145 1602 1224 series,

193 1259 286 1366 quae
308 1266 353 1338 ad
379 1292 459 1338 vsus
483 1268 680 1360 praetieos,
710 1271 850 1374 quoties
875 1266 921 1337 de
947 1264 1107 1361 partibus
1130 1267 1331 1360 superficiei
1355 1263 1503 1338 modicis
1530 1272 1602 1366 agi·

190 1409 266 1476 tur,
302 1391 442 1462 abunde
468 1390 672 1478 sufiiciunt,
704 1394 810 1463 nullis
836 1389 1103 1464 difficultatibus
1127 1393 1284 1470 obnoxia
1311 1407 1384 1476 est,
1416 1409 1524 1490 atque
1550 1398 1603 1465 sio

194 1517 368 1589 formulae
395 1519 524 1588 allatae
550 1515 684 1588 fontem
706 1518 853 1591 vherem
878 1521 1062 1610 aperiunt,
1084 1517 1131 1588 ad
1156 1520 1265 1590 multa
1289 1519 1512 1612 problemata
1526 1545 1604 1618 gra

195 1649 338 1716 sissima
365 1644 549 1716 soluenda.
601 1643 688 1717 Hoc
721 1668 807 1716 vero
840 1644 922 1738 loe'o
955 1646 1163 1738 exemplum
1195 1647 1336 1716 vnieum
1368 1644 1414 1716 ad
1446 1645 1604 1718 methodi
1733 1725 1736 1730 ,

195 1769 350 1840 indolem
376 1770 635 1890 monstrandam
655 1772 925 1870 eu.oluemus
972 1857 974 1862 Δ
1100 1859 1104 1866 ,

872 2001 939 2076 23·

199 2223 201 2228 Ι
310 2119 618 2194 considerabimus
646 2143 765 2194 casum
792 2088 894 2203 eum}
928 2083 987 2192 vbi
1018 2141 1140 2190 omnes
1167 2121 1304 2202 lineae,
1336 2143 1401 2214 pro
1427 2122 1556 2218 quibus
1574 2150 1604 2217 p

198 2261 360 2322 constans
386 2263 459 2331 est,
485 2263 566 2318 sunt
589 2251 707 2319 lineae
733 2248 964 2318 breuissimae
988 2244 1268 2341 orthogonaliter
1290 2262 1451 2317 secantes
1476 2250 1608 2319 lineam

201 2397 266 2466 pro
293 2399 364 2471 qua
389 2378 420 2476 φ
442 2404 482 2446 =
504 2390 548 2456 0,
574 2391 611 2447 et
635 2402 742 2474 quam
767 2389 947 2471 tamquam
969 2373 1098 2442 lineam
1119 2373 1347 2443 abscissurum
1375 2372 1607 2464 contemplari

196 2523 391 2592 possumus.
450 2499 504 2569 Sit
527 2502 569 2573 A
591 2518 759 2598 punctum
790 2527 855 2596 pro
879 2524 950 2599 quo
979 2489 1105 2579 ιτὈ,
1128 2499 1169 2569 D
1192 2514 1361 2593 punctum
1388 2488 1618 2607 indefinitum·
1672 2535 1674 2540 ·

197 2625 235 2688 in
269 2625 363 2685 linea
398 2623 647 2709 abscissurum,
681 2629 770 2724 AD
790 2655 888 2718 :p,
923 2629 961 2698 B
988 2630 1157 2707 punctum
1194 2618 1413 2688 indefinitum
1449 2623 1484 2690 in
1511 2624 1606 2695 linea

199 2739 404 2810 breuissima
428 2740 493 2830 ipsi
520 2749 609 2812 AD
635 2752 670 2809 in
694 2745 735 2809 D
762 2743 929 2821 normali,
965 2753 1076 2836 atque
1104 2743 1192 2812 BD
1218 2769 1257 2812 :
1283 2770 1323 2838 q,
1351 2745 1399 2812 ita
1421 2755 1506 2838 vtp
1529 2769 1611 2815 con·

197 2866 345 2936 siderari
378 2869 490 2959 possit
517 2881 697 2962 tamquam
730 2867 903 2955 abscissa,
940 2889 963 2960 q
991 2863 1173 2964 tamquam
1205 2869 1366 2940 ordinata
1404 2873 1526 2962 puncti
1549 2874 1608 2958 B;

200 2991 371 3061 abscissas
404 2993 573 3083 positiuas
606 2994 812 3064 assumimus
840 2995 888 3063 in
905 3013 950 3062 eo
986 3015 1083 3106 ramo
1113 2994 1230 3062 lineae
1256 2980 1516 3081 abscissarum,
1552 3001 1610 3070 eui

200 3117 497 3226 respondetgoz:
513 3131 557 3199 0,
593 3117 678 3188 dum
713 3141 904 3214 rsemper
935 3131 1115 3214 tamquam
1155 3101 1389 3215 quantitatem
1425 3123 1612 3212 positiuam

201 3259 421 3338 spectamus,
455 3244 635 3315 ordinatas
656 3249 830 3339 positiuas
852 3245 1035 3315 statuimus
1061 3246 1096 3313 in
1128 3244 1233 3342 plaga
1260 3269 1323 3330 ea,
1357 3247 1416 3316 vbi
1438 3251 1469 3347 φ
1490 3273 1612 3320 nume·

66 3440 69 3446 Δ
202 3383 302 3438 ratur
327 3371 521 3450 interoet
550 3377 662 3452 180⁰.
750 3370 807 3386 ’“

313 3490 393 3562 Per
418 3493 602 3566 theorema
634 3511 697 3568 art.
717 3501 764 3578 16
798 3495 1008 3568 habebimus
1034 3527 1063 3572 ω
1079 3525 1120 3568 =
1140 3507 1227 3590 90⁰,
1246 3503 1346 3572 P:
1365 3505 1411 3585 0,
1448 3525 1515 3571 nee
1541 3527 1613 3574 non

207 3619 244 3690 G
257 3646 295 3690 =
317 3636 360 3702 13
387 3635 579 3692 statuemus
605 3626 750 3717 insuper
771 3622 810 3699 ts
818 3623 856 3694 E
861 3647 945 3704 :n‚
1004 3619 1084 3691 Erit
1106 3625 1227 3720 itaque
1254 3651 1280 3694 ιι
1302 3625 1436 3698 functio
1460 3631 1612 3722 ipsarum

199 3774 250 3844 p,
275 3773 315 3842 q,
339 3725 376 3816 et
402 3748 547 3845 quidem
572 3750 672 3832 talis,¹
710 3772 803 3847 quae
828 3771 894 3842 pro
921 3760 1035 3840 q:0
1062 3745 1139 3818 fieri
1168 3749 1279 3820 debet
1300 3769 1388 3833 :1.
1446 3753 1617 3844 Applica-

207 3878 259 3946 tio
285 3874 493 3958 formulae
485 3901 520 3944 ιιι
546 3890 612 3948 art.
632 3890 680 3960 18
710 3878 841 3946 allatae
869 3872 915 3942 ad
941 3895 1059 3942 casum
1083 3887 1240 3944 nostrum
1264 3874 1390 3960 docet,
1426 3881 1460 3948 in
1486 3877 1616 3970 quentis

206 4073 303 4142 linea
325 4071 533 4199 breuissima
558 4096 634 4144 esse
666 4070 801 4142 debere
825 4065 878 4148 do
898 3998 1101 4218 ’.τ-ἓξ.
1117 4066 1195 4165 dp,
1229 4072 1421 4143 denotante
1460 4067 1480 4150 θ
1512 4095 1580 4139 auur
1558 4096 1620 4168 gu-

208 4257 283 4324 lum
307 4257 398 4324 inter
425 4254 642 4327 elementum
668 4257 772 4328 huius
798 4255 916 4323 lineae
942 4265 1052 4348 atque
1077 4252 1435 4339 elementumlineae
1457 4277 1521 4348 pro
1549 4277 1621 4350 qua

210 4409 234 4478 q
257 4397 437 4452 constans
461 4386 531 4454 iam
558 4406 667 4480 quum
693 4383 789 4453 linea
815 4379 1088 4452 abscissarum
1079 4403 1156 4474 rpsa
1179 4384 1225 4451 sit
1250 4380 1474 4461 breuissima,
1515 4393 1623 4474 atque

211 4605 277 4674 pro
299 4603 343 4649 ea
365 4577 593 4677 vbrquao
611 4592 655 4661 0,
682 4588 804 4673 patet,
833 4599 1002 4670 prop:
1014 4574 1198 4674 osbique
1221 4575 1298 4648 herr
1320 4505 1616 4702 deberet}
1591 4587 1627 4654 0.

1503 4658 1577 4727 ll

1199 4757 1233 4830 F
