4394 5548
602 534 660 612 30
954 535 1149 625 CAROLI
1206 535 1487 602 salutaret
1536 536 1696 604 etuas
1840 557 1846 566 ·

1277 722 1345 803 16.

711 879 959 974 ,Τὴοοτειιηῐί
986 889 1179 971 artpraee.
1210 882 1425 952 associamus
1451 873 1571 960 aliud,
1596 872 1695 976 qiiod
1712 875 1763 946 ita
1785 876 2029 947 enunciamus.

603 1013 645 1082 Si
678 1011 716 1080 in
755 1002 953 1103 superficie
993 1029 1113 1076 curua
1155 1006 1363 1100 eoncipntur
1403 1007 1506 1078 linea
1538 1005 1821 1100 qualiscunque,
1867 1029 1893 1074 a
1924 1005 2029 1076 cuius

599 1137 752 1234 punctis
775 1133 933 1228 singulis
952 1131 1249 1228 proficiscuntur
1270 1131 1338 1202 sud
1351 1132 1501 1228 ungulis
1523 1132 1634 1201 rectis
1658 1143 1695 1201 et
1720 1155 1848 1204 versus
1872 1133 2030 1202 eundem

602 1268 761 1360 plegem
783 1263 1001 1332 innumerae
1025 1263 1147 1332 lineae
1171 1257 1595 1352 breuissimneoeqimlis
1614 1259 1870 1353 longitudinis,
1896 1284 2029 1347 curua,

610 1416 705 1487 quae
727 1413 857 1460 earum
883 1389 1132 1460 extremitates
1154 1385 1298 1455 alterne
1322 1387 1462 1480 iungit,
1503 1387 1588 1458 illas
1610 1388 1778 1482 singulus
1810 1387 1878 1458 sub
1908 1413 2031 1484 arigii-

608 1523 655 1592 lis
679 1521 790 1590 reetis
813 1514 964 1586 secabit.
1013 1511 1078 1587 Ad
1098 1511 1438 1596 demonstrationem
1456 1511 1546 1586 nihil
1569 1513 1606 1584 in
1627 1512 1764 1606 analysi
1789 1513 2031 1609 praecedente

611 1644 916 1724 mirandumne,
948 1642 1014 1710 nisi
1049 1636 1147 1736 quod
1180 1640 1211 1738 φ
1242 1635 1432 1732 designare
1463 1636 1577 1710 debet
1606 1639 1866 1738 longitudinem
1896 1663 2030 1712 euruaa

612 1779 726 1848 dntne
750 1773 836 1846 inde
857 1795 879 1840 a
907 1741 1038 1862 puncto
1062 1765 1250 1836 arbitrario
1279 1778 1519 1850 numeratam,
1546 1781 1608 1840 aut
1623 1767 1652 1838 si
1678 1767 1792 1838 mauis
1811 1764 2029 1838 functionem

611 1902 717 1978 huius
736 1897 986 2002 longitudinis;
1013 1894 1061 1964 ita
1088 1890 1209 1960 omnia
1233 1892 1417 1962 ratiocinia
1443 1895 1635 1967 etiamnum
1661 1893 1852 1975 valebunt,
1889 1917 1932 1964 ea
1957 1917 2030 1966 mo·

610 2029 836 2107 ditatione,
872 2022 969 2119 quod
994 2011 1126 2090 veritas
1148 2019 1373 2115 aequationis
1395 2017 1480 2090 S:
1495 2033 1520 2098 0
1546 2043 1611 2114 pro
1636 2045 1713 2094 r:
1728 2031 1755 2100 0
1781 2042 1875 2090 nuno
1899 2021 1969 2090 iam
1995 2023 2030 2090 in

611 2163 689 2253 ipsa
699 2155 891 2250 hypothesi
908 2148 1118 2241 impiicatur.
1170 2137 1337 2212 Ceterum
1357 2142 1428 2216 hoo
1449 2143 1599 2216 alterum
1621 2145 1806 2220 theorema
1825 2146 2030 2254 generalius

615 2301 668 2357 est
698 2283 959 2379 praecedente,
999 2270 1102 2370 quod
1134 2267 1227 2340 adeo
1264 2271 1300 2338 in
1335 2270 1397 2340 illo
1433 2268 1692 2363 comprehendi
1725 2273 1868 2340 censeri
1903 2284 2034 2364 potest,

616 2411 701 2484 dum
728 2433 794 2504 pro
817 2409 914 2478 linea
937 2401 1023 2472 data
1056 2396 1265 2490 adoptamus
1296 2397 1473 2466 circulum
1500 2393 1635 2466 infinite
1656 2417 1807 2492 paruum
1833 2400 1928 2468 eirca
1950 2421 2034 2468 een·

613 2551 707 2610 trum
721 2535 763 2610 A
778 2534 1007 2627 descriptum.
1058 2524 1231 2621 Denique
1256 2545 1458 2602 monemus,
1484 2519 1544 2595 hio
1563 2544 1710 2620 quoque
1730 2521 2033 2596 considerationes

617 2664 857 2760 geometricas
882 2659 1070 2750 analyseos
1099 2657 1180 2724 vioe
1213 2647 1312 2746 fungi
1340 2657 1465 2742 posse,
1499 2650 1630 2747 quibus
1658 2664 1779 2722 tamen
1808 2673 1919 2748 quum
1948 2655 2035 2725 satis

612 2787 742 2859 obuiae
772 2789 841 2856 sint
865 2783 925 2856 hio
958 2805 1031 2853 nnn
1060 2783 1301 2851 immoramur.

1275 3059 1338 3138 17·
1449 3130 1455 3139 ,
1889 3133 1892 3140 ,

729 3219 960 3300 Reitertimur
994 3215 1041 3290 ad
1078 3215 1265 3288 formulam
1287 3193 1479 3306 'ssOEdp2
1499 3209 1694 3308 -t-Qde
1714 3191 1854 3310 ,fist
1881 3215 2033 3314 qus),

615 3367 709 3444 quae
737 3345 922 3416 indefinite
948 3327 1230 3444 magnitudinem
1264 3341 1435 3410 elementi
1467 3338 1612 3412 linearis
1639 3343 1676 3412 in
1698 3341 1889 3435 superficie
1921 3367 2032 3416 curua

613 3473 798 3564 exprimit,
824 3485 932 3568 atque
951 3475 1162 3542 anteon'mia
1182 3468 1479 3569 ,significationem
1493 3470 2034 3568 geometricameoiiffieientium

612 3597 666 3680 tt,
690 3600 748 3686 F,
772 3599 807 3667 G
834 3601 1093 3692 examinamus.
1145 3597 1220 3676 Iam
1240 3602 1275 3669 in
1294 3611 1359 3670 art.
1376 3607 1400 3679 5
1417 3599 1636 3679 monuimus,
1661 3597 1698 3666 in
1712 3597 1901 3691 superficie
1919 3625 2031 3674 curua

610 3725 749 3818 concipi
774 3748 878 3820 posse
900 3725 972 3796 duo
999 3741 1190 3822 systemata
1218 3729 1413 3810 linearum,
1452 3725 1625 3810 alterum,
1663 3728 1700 3796 in
1729 3726 1857 3823 quibus
1882 3729 2033 3828 singulis

610 3855 687 3924 sola
706 3879 737 3948 p
763 3858 809 3925 sit
837 3855 1033 3946 variabilis,
1062 3869 1288 3948 qconstans3
1318 3854 1491 3931 alterum,
1517 3853 1553 3920 in
1575 3852 1707 3948 quibus
1730 3854 1808 3923 sola
1836 3857 2032 3949 qvariabi·

609 3980 670 4062 iis,
692 4005 723 4074 p
749 3996 927 4058 constans.
991 3982 1194 4077 Quodlibet
1225 3991 1397 4072 punctum
1427 3977 1631 4072 superficiei
1666 3979 1882 4052 considerari
1913 3999 2041 4076 potest-

606 4118 788 4199 tamquam
828 4111 1032 4180 interseptio
1070 4109 1189 4176 lineae
1234 4104 1339 4198 primi
1379 4107 1582 4194 systematis
1616 4128 1697 4175 eum
1733 4105 1830 4176 linea
1862 4112 2032 4184 secundi:

609 4241 770 4325 tuncque
798 4231 1015 4306 elementum
1038 4235 1159 4310 lineae
1180 4234 1318 4328 primae
1343 4229 1427 4302 huie
1450 4245 1580 4326 puncto
1597 4230 1765 4306 adiacens
1789 4248 1826 4304 et
1842 4239 2030 4311 variationi

381 4387 383 4392 -
473 4401 485 4434 3
605 4351 629 4425 (1
631 4379 663 4450 p
684 4354 904 4448 respondens
927 4365 995 4432 erit
1021 4385 1060 4431 :
1080 4359 1118 4440 ss
1125 4358 1279 4456 E.dp,
1315 4379 1383 4430 nee
1415 4383 1487 4429 non
1510 4360 1726 4432 elementum
1755 4360 1874 4432 lineae
1903 4389 2029 4438 seeun-

604 4481 672 4552 dae
697 4483 917 4592 respondens
949 4489 1135 4560 variationi
1164 4487 1222 4584 dq
1248 4491 1316 4559 erit
1340 4511 1380 4558 τι
1399 4486 1438 4566 is
1448 4487 1506 4560 G.
1522 4483 1598 4582 dq;
1632 4487 1791 4585 denique
1820 4485 2029 4562 denotando

601 4632 671 4704 per
696 4641 725 4686 ω
749 4611 918 4710 angulum
951 4617 1044 4688 inter
1077 4614 1169 4688 liaeo
1201 4619 1400 4699 elementa,
1434 4612 1539 4686 facile
1570 4596 1886 4712 perspiritur'fieri
1912 4639 1973 4688 cos
1996 4598 2042 4696 u
