4394 5548
569 537 659 614 -40
889 633 896 648 ,
970 539 1164 606 canoel
1208 537 1482 604 fatuantur
1526 534 1687 598 GleSS
1885 617 1888 624 γ

729 1731 792 1805 Ex
826 1732 882 1806 bis
915 1721 1193 1829 aequationibus'
1228 1727 1383 1826 petenda
1420 1741 1474 1800 est
1506 1726 1758 1800 determinatio
1792 1729 2030 1825 quantitatum

616 1881 656 1939 r,
683 1850 801 1959 φ,ψ
833 1872 870 1927 et
903 1864 946 1952 (si
973 1885 1062 1954 opus
1086 1859 1266 1949 videatur)
1296 1882 1351 1939 m,
1384 1873 1499 1951 perp
1530 1869 1567 1927 et
1592 1882 1647 1952 pr,
1666 1858 1815 1927 scilicet,
1839 1856 2031 1955 integratio

433 2009 438 2018 ·
462 2065 464 2070 .
615 1988 837 2082 aequationis
858 1989 915 2078 (5)
940 1987 1041 2056 dabit
1059 2011 1099 2067 r,
1129 2010 1200 2084 qua
1225 1988 1369 2054 inuenta
1389 1983 1579 2080 integratio
1600 1981 1825 2079 aequationis
1851 1980 1906 2068 (6)
1928 1978 2035 2071 dabit

554 2147 559 2156 ·
616 2116 665 2214 φ,
693 2125 801 2206 atque
825 2113 994 2188 alterutra
1024 2107 1380 2211 aquationum-(1),
1406 2109 1608 2203 (2)¹ipsam
1634 2099 1695 2203 ᾡς
1727 2103 1884 2206 denique
1905 2132 1942 2177 m
1969 2105 2033 2178 ha.
2187 2117 2188 2128 ¹

617 2241 760 2312 bebitur
783 2261 849 2333 per
870 2239 1077 2310 alterutram
1099 2239 1354 2333 aequationum
1381 2233 1458 2330 (3),
1491 2231 1559 2327 (4).
1617 2321 1621 2328 ι

631 2511 635 2519 ,
732 2411 925 2540 integratio
950 2441 1130 2540 generalis
1160 2442 1414 2538 aequationum
1439 2437 1517 2527 (5),
1539 2439 1599 2528 (6)
1622 2443 1821 2512 necessario
1843 2439 1931 2510 duas
1954 2435 2032 2510 iun·

559 2637 564 2644 .
618 2573 755 2642 ctiones
789 2569 991 2639 arbitrariae
1024 2567 1251 2638 introducere
1286 2564 1417 2646 debet,
1455 2589 1548 2660 quae
1575 2567 1663 2665 quid
1688 2567 1755 2638 sibi
1787 2571 1899 2640 velint
1924 2567 2058 2640 facile·

618 2697 758 2794 intellig
736 2709 877 2776 remus,
900 2696 928 2764 si
952 2693 1222 2786 perpendimus,
1247 2693 1327 2762 illas
1347 2694 1580 2788 aequationes
1600 2691 1650 2762 ad
1671 2717 1789 2764 casum
1812 2717 1894 2764 eurn
1921 2718 2029 2791 quem

617 2824 677 2895 bic
705 2821 970 2934 consideramus
991 2843 1061 2889 non
1087 2820 1251 2908 limitari,
1284 2817 1350 2888 sed
1374 2819 1526 2944 perinde
1553 2821 1697 2904 valere,
1729 2825 1759 2893 si
1782 2845 1822 2890 r
1830 2836 1866 2891 et
1888 2825 1967 2926 φ
1940 2825 2033 2892 arci·

617 2950 761 3040 piantur
787 2949 822 3016 in
849 2919 1107 3044 significatione
1139 2946 1353 3046 generaliori
1390 2958 1457 3015 art.
1476 2952 1544 3031 16,
1578 2953 1627 3020 ita
1660 2965 1697 3020 vt
1722 2950 1768 3020 sit
1798 2972 1819 3018 r
1844 2919 2029 3046 longitudo

618 3074 736 3143 lineae
770 3070 1016 3142 breuissimae
1030 3073 1076 3144 ad
1101 3076 1232 3144 lineam
1265 3072 1486 3143 arbitrariam
1520 3073 1792 3146 determinatam
1826 3074 2035 3144 normaliter

618 3198 768 3278 ductae,
812 3211 920 3294 atque
945 3203 976 3300 φ
1001 3197 1137 3269 iunctio
1169 3171 1355 3269 arbitraria
1392 3198 1622 3296 longitudinis
1654 3202 1731 3271 eius
1763 3202 1873 3292 partis
1901 3200 2032 3281 lineae,

621 3350 716 3424 quae
741 3328 833 3402 inter
857 3324 990 3394 lineam
1025 3316 1269 3394 breuissimam
1305 3324 1522 3398 indefinitam
1548 3339 1585 3395 et
1610 3341 1779 3421 punctum
1807 3326 2031 3396 arbitrarium

619 3452 893 3522 determinatum
922 3449 1156 3540 intercipitur.
1183 3448 1346 3538 ‚Solutio
1370 3453 1491 3550 itaque
1517 3453 1693 3550 generalis
1717 3453 1809 3524 baec
1834 3454 1951 3521 omnia
1980 3455 2032 3521 in-

619 3576 767 3649 definite
806 3575 973 3668 amplecti
1001 3555 1134 3656 debet,
1171 3571 1442 3675 iunctionesque
1474 3575 1681 3648 arbitrariae
1711 3591 1797 3648 tunc
1825 3575 1968 3647 demum
1995 3581 2032 3648 in

620 3703 785 3776 definitas
808 3701 974 3787 abibunt,
1009 3703 1152 3802 quando
1178 3706 1273 3776 linea
1299 3679 1361 3774 illa
1383 3701 1569 3774 arbitraria
1593 3717 1701 3806 atque
1725 3701 1857 3773 iunctio
1881 3706 2032 3797 partium

621 3857 727 3931 quam
755 3833 785 3934 φ
815 3829 987 3901 exhibere
1018 3830 1150 3926 debet,
1185 3833 1424 3924 praescriptae
1448 3840 1541 3902 sunt.
1599 3825 1638 3897 ln
1664 3843 1894 3900 casunostro
1921 3831 2033 3900 circu·
2185 3829 2186 3840 ’

553 4033 561 4040 ,
619 3961 674 4030 lus
700 3958 835 4032 infinite
865 3981 998 4050 paruus
1031 3955 1193 4046 adoptari
1219 3966 1356 4049 potest,
1389 3966 1550 4030 centrum
1579 3955 1614 4022 in
1644 3977 1689 4023 eo
1720 3967 1852 4048 puncto
1886 3952 2031 4034 babens,
2185 4005 2186 4018 ,

619 4108 640 4154 a
666 4108 737 4180 quo
763 4082 952 4151 distantiae
977 4103 998 4150 r
1024 4073 1273 4159 numerantur,
1308 4091 1345 4148 et
1368 4081 1399 4179 φ
1420 4075 1605 4148 denotabit
1633 4092 1752 4172 partes
1776 4079 1881 4150 buius
1908 4081 2032 4150 'circuli
2185 4087 2186 4126 l

620 4211 712 4301 ipsas
737 4231 803 4302 per
827 4205 964 4275 radium
990 4204 1141 4288 diuisas,
1167 4204 1261 4276 vnde
1288 4202 1391 4274 facile
1417 4205 1617 4303 colligitur,
1639 4209 1870 4304 aequatmnes
1885 4207 1958 4298 (5)
1979 4209 2033 4294 (6)

488 4351 495 4364 ·
532 4389 536 4405 .
617 4357 683 4428 pro
715 4355 799 4404 casu
828 4345 947 4402 nostro
982 4303 1160 4424 complete
1193 4331 1381 4415 sullicere,
1403 4331 1595 4422 dnmmodo
1624 4355 1687 4415 ea,
1722 4355 1816 4430 quae
1851 4314 2034 4404 indefinita

620 4461 846 4578 relinquunt,
871 4461 905 4530 ei
929 4457 1122 4529 conditioni
1145 4459 1481 4539 accommodentur,
1512 4455 1551 4527 vl
1571 4483 1592 4528 r
1615 4473 1651 4530 et
1673 4462 1786 4563 φρτο
1812 4475 1944 4557 puncto
1966 4463 2033 4533 illo

619 4571 746 4656 initiali
768 4598 877 4682 atque
910 4587 1049 4678 punctis
1077 4583 1122 4656 ab
1148 4611 1193 4656 eo
1220 4587 1355 4659 infinite
1388 4607 1513 4680 parum
1537 4583 1747 4658 distantibus
1771 4583 1959 4682 quadrent.
