4394 5548
569 506 656 631 ’10
722 555 726 562 ’
932 555 1129 623 cluott
1182 555 1464 624 salutator
1514 559 1675 626 cluss

603 699 747 812 runtur,
772 725 870 828 quod
897 752 979 800 cum
1002 733 1056 800 rei
1079 743 1206 800 netum
1231 727 1401 826 quadret,
1424 753 1534 826 quum
1556 731 1752 802 normalem
1777 728 1824 802 ad
1851 733 2022 804 utramuis

534 889 548 904 ,
601 864 746 960 plagam
767 855 970 949 superficiei
1001 879 1133 926 curuee
1167 854 1301 926 ducere
1332 856 1451 928 liceet.
1515 855 1651 950 Quodsi
1681 856 1770 930 duas
1796 861 1937 960 plagas,
1971 885 2028 930 su.

516 963 521 972 ¹
604 987 764 1084 perficiei
794 986 1000 1082 contiguum·
1020 986 1115 1054 inter
1133 1007 1173 1052 se
1195 979 1434 1079 distinguere,
1470 983 1692 1078 alteramque
1731 987 1951 1060 exteriorem
1981 986 2030 1056 al.

606 1133 719 1189 teram
745 1113 951 1184 interiorem
986 1133 1118 1180 vocare
1151 1110 1293 1204 placet,
1327 1113 1435 1181 etiem
1462 1091 1609 1205 utrique¹
1628 1116 1779 1184 normali
1809 1137 1908 1184 suam
1935 1115 2029 1182 solu·
2186 1155 2187 1224 t

605 1247 740 1316 tionem
773 1242 843 1311 rite
868 1237 1028 1310 tribuere
1060 1237 1186 1310 licebit
1216 1233 1421 1307 adiumento
1447 1239 1679 1312 theorematis
1712 1243 1750 1311 iu
1783 1253 1888 1320 art.2
1916 1235 2029 1330 (Vll)
2186 1237 2187 1288 l

609 1347 766 1449 euoluti,
801 1365 1015 1461 simulatque
1043 1367 1232 1436 criterium
1263 1363 1458 1438 stabilitum
1482 1354 1538 1448 est
1561 1366 1608 1438 ad
1632 1369 1777 1468 plegem
1812 1367 1961 1436 alteram
1983 1362 2028 1432 eh
2186 1347 2187 1354 ἵ

608 1497 722 1569 altera
745 1489 1042 1590 distinguendam.
1920 1485 1923 1488 ’

723 1620 765 1691 ln
788 1614 959 1690 methodo
984 1617 1097 1708 prima
1122 1619 1195 1688 tale
1223 1621 1405 1694 criterium
1437 1621 1634 1719 petendum
1658 1625 1727 1696 erit
1758 1625 1905 1722 asigno
1932 1621 2029 1692 velo·
2077 1599 2083 1610 ⁸

606 1754 656 1822 ris
682 1747 888 1847 quantitatis
914 1741 980 1813 W.
1031 1737 1180 1820 Scilicet
1208 1739 1426 1845 generaliter
1460 1749 1643 1850 loquendo
1677 1750 1882 1846 superficies
1918 1749 2028 1822 curua

610 1863 686 1972 ens·¹
704 1876 808 1969 spatii
836 1883 975 1966 partes,
1007 1868 1196 1966 inquibus
1223 1875 1284 1945 W
1304 1877 1461 1948 valorem
1491 1881 1685 1971 pusitiuum
1711 1878 1870 1957 obtinet,
1909 1874 1954 1944 ab
1986 1875 2028 1942 iis

583 1987 764 2082 dirimet,
790 2001 826 2070 in
853 1994 981 2094 quihus
1007 1997 1106 2066 valor
1131 1999 1243 2089 ipsius
1270 2002 1330 2072 W
1348 2001 1389 2073 lit
1407 2007 1605 2102 negatiuus.
1656 2003 1690 2075 Ε
1712 2004 1937 2077 theoremate
1965 2000 2027 2070 illo

569 2145 572 2152 '
608 2155 696 2202 vero
720 2127 826 2200 lecile
852 2125 1051 2223 colligitur,
1081 2126 1111 2194 si
1139 2125 1199 2196 W
1216 2125 1375 2196 valorem
1400 2135 1591 2222 positiuum
1611 2134 1779 2214 ,obtinent
1802 2154 1926 2202 versus
1948 2127 2029 2222 pla·

606 2279 690 2356 gam
715 2254 932 2364 exteriorem
942 2289 958 2333 ,·
987 2253 1227 2345 normalisque
1260 2264 1463 2324 extrorsum
1496 2256 1603 2328 ducta
1632 2260 1874 2352 concipietur,
1906 2255 2028 2326 suluti-

608 2405 715 2458 onem
744 2381 900 2473 priorem
936 2375 1173 2470 adoptandam
1210 2399 1302 2449 esse.
1370 2373 1538 2455 Ceterum
1571 2387 1608 2455 in
1640 2384 1770 2480 quouis
1805 2405 1889 2452 cusu
1920 2378 2026 2450 facile
2187 2393 2188 2486 q

608 2507 882 2586 diiudicabitur‚
917 2518 1034 2576 vtrum
1061 2527 1126 2598 per
1149 2507 1374 2600 superficiem
1408 2511 1582 2609 integram
1605 2511 1732 2582 eedem
1758 2511 1882 2607 regula
1910 2531 2028 2602 respe-

482 2617 491 2736 ἰ
608 2649 670 2707 ctu
694 2635 785 2733 signi
814 2634 994 2726 ipsiusW
1013 2633 1149 2715 valeat,
1177 2657 1222 2702 an
1246 2657 1312 2726 pro
1336 2633 1487 2707 diuersis
1507 2635 1669 2732 pertibus
1691 2636 1876 2724 diuersaet
1904 2660 2027 2734 quam·

607 2759 669 2834 diu
690 2759 933 2833 coefficienres
951 2763 1007 2842 P,
1035 2763 1089 2848 Q,
1114 2763 1151 2832 R
1176 2763 1317 2854 velores
1341 2745 1458 2836 linitos
1486 2763 1643 2847 hahent,
1679 2789 1747 2836 uec
1773 2766 1877 2846 simul
1902 2786 2026 2836 onmes

584 2863 683 2962 'tres
709 2899 945 2967 euanesount,
970 2887 1034 2956 lex
1060 2889 1301 2962 continuitatis
1324 2889 1603 2964 vicissitudinem
1629 2891 1773 2964 vetabit.

682 3015 685 3022 “
719 3013 759 3085 Si
786 3009 993 3086 methodum
1020 3012 1214 3088 secundam
1235 3017 1443 3116 sequimur,
1468 3019 1506 3086 in
1529 3013 1718 3112 superlicio
1739 3046 1849 3093 curua
1866 3011 1946 3093 'du'o
1970 3046 2027 3114 sy·

515 3223 519 3230 ,
604 3156 754 3216 stemate
782 3135 955 3212 linearum
989 3162 1178 3220 cumarum
1202 3146 1395 3237 concipere
1418 3165 1623 3238 possumus,
1653 3143 1825 3228 alterum,
1858 3172 1924 3240 pro
1950 3170 2023 3243 quo
2053 3133 2061 3138 ’

602 3283 715 3367 pest
739 3267 936 3346 variabilis,
952 3286 987 3358 ¹q
1009 3278 1188 3352 constans3
1212 3270 1384 3360 alterum,
1414 3291 1480 3363 pro
1509 3291 1581 3364 quo
1611 3273 1858 3362 qveriahilis,
1889 3301 1920 3370 p
1946 3299 2027 3346 oon·

608 3413 721 3473 stans:
747 3400 834 3467 situs
863 3405 1005 3464 mutuus
1027 3391 1152 3463 herum
1179 3397 1352 3466 linearum
1379 3409 1544 3490 respectu
1570 3397 1699 3498 plagae
1724 3403 1913 3474 exterioris
1933 3402 2029 3476 deci·

610 3521 699 3595 dere
721 3521 849 3603 dehet,
885 3529 999 3590 ttram
1023 3519 1234 3592 solutionem
1260 3520 1430 3617 adoptare
1464 3515 1643 3617 oporteat.
1709 3525 1855 3601 Scilicet
1885 3533 2028 3628 quoties

605 3650 681 3720 'tres
702 3649 840 3730 lineae..
865 3657 952 3741 pute
978 3667 1097 3744 ramus
1123 3647 1242 3719 lineae
1272 3651 1400 3744 prioris
1429 3647 1630 3742 systematis
1656 3679 1677 3726 e
1699 3671 1832 3750 puncto
1862 3658 1903 3731 A
1923 3657 2028 3749 proli·

610 3777 745 3846 ciscens
769 3759 953 3846 crescente
977 3799 1029 3871 p,
1061 3799 1179 3846 ramus
1203 3777 1409 3870 posterioris
1433 3786 1635 3870 systematis
1658 3811 1678 3855 e
1707 3799 1839 3879 puncto
1864 3783 1906 3858 A
1927 3807 2030 3883 egre,

609 3900 711 3972 diens
733 3918 917 3974 crescente
943 3923 987 3996 q,
1023 3914 1131 3998 atque
1161 3902 1328 3970 normalis
1352 3923 1474 3972 versus
1500 3907 1642 4006 plegem
1674 3913 1894 3980 exteriorem
1920 3911 2026 3983 ducta

516 4073 520 4082 ·
610 4027 780 4103 similiter
811 4031 947 4110 iacent,
986 4042 1040 4110 vt,
1076 4026 1159 4098 inde
1192 4023 1237 4094 ab
1273 4027 1413 4123 origine
1449 4029 1701 4116 abscissarum,
1743 4057 1834 4104 axes
1872 4037 2025 4128 ipsarum

610 4177 652 4233 rc,
671 4175 721 4248 y,
746 4174 767 4220 z
800 4174 892 4244 resp.
923 4159 979 4242 (e.
1004 4177 1041 4250 g.
1068 4155 1098 4221 si
1124 4167 1199 4223 turn
1227 4176 1248 4222 e
1275 4149 1402 4222 trihus.
1418 4154 1522 4226 lineis
1553 4153 1641 4240 illis,
1677 4171 1750 4228 turn
1774 4184 1793 4230 e
1821 4161 1934 4235 trihus
1958 4164 2026 4248 his,

611 4282 724 4374 prima
750 4279 1002 4364 sinistrorsum,
1025 4279 1452 4362 secunda'dextrursum,
1477 4269 1583 4353 tertia
1610 4309 1743 4357 sursum
1762 4287 1910 4362 ‘directa
1929 4315 2028 4370 ,con-

607 4409 676 4501 cipi
698 4409 855 4500 potest)‚
889 4407 1017 4480 solutio
1041 4411 1153 4503 prima
1180 4405 1342 4499 adoptari
1368 4405 1496 4492 dehet3
1523 4413 1664 4506 quoties
1691 4425 1810 4485 autem
1834 4419 1921 4487 sitne
1951 4443 2025 4492 mu·

601 4541 687 4618 'tuus
708 4536 812 4606 trium
836 4533 1009 4604 linearum
1029 4535 1184 4628 priorum
1203 4537 1385 4628 oppositus
1403 4550 1457 4607 est
1477 4537 1560 4605 situi
1573 4551 1695 4610 mutuo
1715 4543 1838 4614 axium
1870 4545 2023 4636 ipsarum

605 4687 649 4744 rr,
666 4685 716 4758 y,
739 4684 779 4744 z,
806 4660 934 4732 solutio
960 4661 1117 4732 secunda
1147 4661 1288 4734 valebit.
2008 4639 2010 4646 Α
